3068 4758
226 409 269 472 90

316 583 351 653 Si
365 591 472 652 autem
491 584 686 654 Christianus
701 587 743 653 ad
759 581 892 671 gradum
909 585 998 671 regni
1019 582 1193 670 (caelestis)
1216 583 1345 669 aspirat,

229 715 249 760 a
271 692 457 759 mulieribus
481 693 575 776 longo
599 687 728 761 omnino
751 695 878 760 recedat
902 700 932 760 et
954 691 1088 760 firmiter
1103 683 1143 758 'in
1166 691 1344 760 sordesco

225 799 287 866 sibi
316 805 493 885 proponat,
529 822 562 868 se
594 823 658 869 non
689 807 890 888 aspecturum
916 822 983 868 osse
1007 800 1088 884 illas,
1114 821 1217 886 neque
1241 797 1344 866 cibum

89 996 91 1000 ι
224 906 382 974 cumillis
409 912 596 974 sumturum.
1123 981 1128 992 ,

317 1013 616 1106 Sinsxcunctatione
647 1036 755 1082 omnes
782 1015 949 1082 thesauros
979 1036 1053 1083 suos
1078 1015 1247 1082 distribuat
1269 1033 1347 1099 pau·

224 1119 354 1206 peribus
365 1159 378 1204 ,·
417 1122 539 1207 sibique
579 1129 722 1189 assumat
766 1123 943 1206 angelicam
986 1123 1235 1206 benignitatem,
1275 1141 1347 1188 cum

224 1226 407 1295 humilitate
429 1229 535 1296 cordis
567 1237 599 1295 et
622 1229 782 1316 corporis,
819 1229 1021 1316 sufficiatque
1054 1229 1113 1298 sibi
1145 1231 1213 1316 ipse
1247 1227 1345 1310 solus,

225 1334 337 1402 similis
353 1335 401 1403 'sit
424 1336 574 1419 aviculae,
601 1357 682 1423 quae
705 1339 803 1406 armis
826 1343 929 1419 caret3
955 1337 1110 1421 largiatur
1132 1335 1347 1421 indigentibus

226 1441 266 1508 de
290 1442 404 1536 labore¹
424 1465 490 1511 suu.
940 1435 944 1442 ¹

317 1549 576 1633 Commuuiones,
614 1551 790 1618 orationem
827 1552 962 1619 multam
994 1573 1066 1618 oum
1097 1553 1215 1638 jejunio
1247 1557 1347 1618 amet.

141 1739 149 1756 ⁵
226 1655 287 1722 Hic
310 1663 360 1722 est
382 1656 463 1743 lapis
487 1659 656 1742 pretiosus,
682 1680 776 1743 quem
800 1665 883 1725 teste
905 1660 1029 1726 Joanne
1053 1659 1199 1744 (Apocol.
1215 1665 1251 1741 2,
1280 1657 1347 1742 17.)

120 1819 134 1845 ,
226 1783 320 1830 nemo
344 1765 441 1846 novit,
465 1765 526 1830 nisi
550 1765 604 1850 qui
628 1767 750 1850 accepit
773 1787 855 1832 eum.
1362 1833 1369 1844 ,

318 1871 379 1937 Die
402 1871 560 1938 dominica
582 1873 759 1958 Episcopus
781 1881 925 1958 tempore
948 1873 1075 1956 Missae,
1101 1859 1134 1938 si¹
1150 1878 1266 1958 potest,
1290 1892 1348 1939 sua

226 1997 323 2044 manu
355 1979 527 2047 distribuat
561 1981 813 2048 communionem
849 1983 934 2048 omni
965 1983 1103 2066 populo;
1140 1981 1167 2046 si
1198 1971 1348 2046 sacerdos

224 2083 367 2152 infirmus
392 2093 457 2170 est,
490 2087 641 2156 diaconus
665 2089 778 2156 stimat
806 2089 854 2154 illi
884 2095 1117 2156 sacramentum
1141 2094 1173 2154 et
1195 2074 1347 2155 sasirdos

227 2194 314 2260 solus
337 2195 473 2280 accipiat
496 2194 585 2260 illud.

112 2529 118 2534 ,
224 2459 358 2526 XXXI.
401 2457 510 2527 Ooooo
533 2460 718 2544 eripuimus
733 2461 872 2544 primos
912 2457 964 2526 Dc
979 2459 1147 2544 Episcopo,
1172 2461 1221 2528 oei
1242 2483 1347 2530 socer-

224 2576 312 2658 dote,
350 2579 405 2662 qui
428 2578 560 2646 diacono
577 2578 799 2660 praecipiunt,
824 2583 862 2643 ot
884 2579 1128 2644 commonionem
1159 2579 1359 2686 distribuat..

311 2755 470 2823 Diaconos
509 2762 616 2822 autem
649 2755 767 2838 populo
803 2756 1055 2824 communionem
1090 2755 1279 2839 distribuat,
1317 2757 1345 2823 si

223 2861 401 2948 Episcopus
423 2870 479 2929 aut
502 2861 652 2928 sacerdos
675 2862 735 2928 hoc
759 2863 924 2947 permittit.

224 3163 379 3230 ΧΧΧΠ.
419 3161 528 3230 Oooon
559 3165 745 3248 tripeso’mus
774 3163 940 3231 secundos
993 3163 1143 3248 Virpo'oes
1173 3173 1204 3232 et
1226 3167 1345 3234 viduos

218 3283 343 3366 jejunio
373 3287 404 3346 et
433 3282 573 3346 orationi
602 3282 638 3346 io
667 3281 799 3347 ecclesio
828 3301 942 3373 vocare
972 3281 1097 3362 dedam,
1134 3283 1265 3349 clericos
1285 3303 1344 3350 suo

223 3397 359 3464 arbitrio
376 3397 529 3480 jejunare
546 3416 656 3479 posse,
690 3395 887 3480 Episcopum
910 3399 1037 3481 jejunio
1059 3419 1122 3464 ooo
1144 3399 1254 3465 debere
1275 3421 1344 3466 sese

224 3514 430 3597 obstarique,
455 3514 522 3578 oisc'
537 3533 608 3579 cum
623 3511 705 3578 clero
720 3519 854 3596 propter
868 3513 1004 3597 Apopeo
1021 3515 1069 3580 ool
1083 3515 1238 3600 cipilo'ooc,
1264 3537 1344 3599 quoe

487 3629 571 3710 fimet
598 3628 642 3694 ad
665 3627 858 3694 commodum
875 3646 1066 3712 pauperum.

314 3787 479 3872 Virginum
505 3792 537 3854 et
558 3786 723 3855 viduarum
749 3793 817 3869 est,
848 3794 884 3854 ut
903 3809 1000 3876 saepe
1029 3791 1172 3876 jejunent
1196 3795 1227 3856 et
1250 3797 1343 3860 orent

224 3899 256 3962 in
279 3895 431 3976 occlosia;
463 3893 585 3962 clericis
608 3894 710 3961 libera
733 3895 931 3984 sitfacultas
954 3896 1132 3964 voluntario
1159 3899 1340 3983 jejunandi3
1404 3939 1408 3948 ·

224 3994 401 4087 Episcopus
424 4006 529 4069 autem
549 4003 670 4088 jejunio
692 4025 755 4072 non
779 4026 813 4072 se
838 4002 1026 4090 obstringat,
1059 4005 1119 4072 nisi
1142 4005 1245 4072 clerus
1269 4027 1340 4072 cum

222 4109 293 4196 ipso
312 4111 441 4196 jejunet.
