<?xml version="1.0" encoding="UTF-8"?>
<!DOCTYPE html PUBLIC "-//W3C//DTD XHTML 1.0 Transitional//EN"
    "http://www.w3.org/TR/xhtml1/DTD/xhtml1-transitional.dtd">
<html xmlns="http://www.w3.org/1999/xhtml" xml:lang="en" lang="en">
 <head>
  <title>
</title>
<meta http-equiv="Content-Type" content="text/html;charset=utf-8" />
  <meta name='ocr-system' content='tesseract 3.04.00' />
  <meta name='ocr-capabilities' content='ocr_page ocr_carea ocr_par ocr_line ocrx_word'/>
</head>
<body>
  <div class='ocr_page' id='page_1' title='image "./canonesshippoly00hanegoog_0130.png"; bbox 0 0 3068 4758; ppageno 0'>
   <div class='ocr_carea' id='block_1_1' title="bbox 1245 381 1403 496">
    <p class='ocr_par' dir='ltr' id='par_1_1' title="bbox 1245 381 1403 496">
     <span class='ocr_line' id='line_1_1' title="bbox 1245 381 1403 496; baseline 0 -52"><span class='ocrx_word' id='word_1_1' title='bbox 1245 381 1306 444; x_wconf 78' lang='lat'><strong>123</strong></span> <span class='ocrx_word' id='word_1_2' title='bbox 1393 475 1403 496; x_wconf 31' lang='grc' dir='ltr'><strong>ι</strong></span> 
     </span>
    </p>
   </div>
   <div class='ocr_carea' id='block_1_2' title="bbox 183 555 1307 781">
    <p class='ocr_par' dir='ltr' id='par_1_2' title="bbox 183 555 1307 781">
     <span class='ocr_line' id='line_1_2' title="bbox 273 555 1307 666; baseline -0.005 -23"><span class='ocrx_word' id='word_1_3' title='bbox 273 555 391 636; x_wconf 62' lang='lat' dir='ltr'><strong>‘aie-(w</strong></span> <span class='ocrx_word' id='word_1_4' title='bbox 428 595 467 642; x_wconf 82' lang='lat' dir='ltr'><strong>ex</strong></span> <span class='ocrx_word' id='word_1_5' title='bbox 499 558 649 642; x_wconf 87' lang='lat' dir='ltr'><strong>hebraico</strong></span> <span class='ocrx_word' id='word_1_6' title='bbox 688 576 791 666; x_wconf 59' lang='lat' dir='ltr'><strong>mut</strong></span> <span class='ocrx_word' id='word_1_7' title='bbox 826 573 967 639; x_wconf 77' lang='lat' dir='ltr'><strong>derivata</strong></span> <span class='ocrx_word' id='word_1_8' title='bbox 1011 594 1072 637; x_wconf 81' lang='lat' dir='ltr'><strong>vox</strong></span> <span class='ocrx_word' id='word_1_9' title='bbox 1109 579 1179 653; x_wconf 84' lang='lat' dir='ltr'><strong>cst,</strong></span> <span class='ocrx_word' id='word_1_10' title='bbox 1224 592 1307 658; x_wconf 83' lang='lat' dir='ltr'><strong>quae</strong></span> 
     </span>
     <span class='ocr_line' id='line_1_3' title="bbox 183 694 1306 781; baseline -0.004 -18"><span class='ocrx_word' id='word_1_11' title='bbox 183 697 320 780; x_wconf 85' lang='lat' dir='ltr'><strong>gloriam</strong></span> <span class='ocrx_word' id='word_1_12' title='bbox 351 698 507 780; x_wconf 85' lang='lat' dir='ltr'><strong>divinam,</strong></span> <span class='ocrx_word' id='word_1_13' title='bbox 546 696 594 762; x_wconf 84' lang='lat' dir='ltr'><strong>vel</strong></span> <span class='ocrx_word' id='word_1_14' title='bbox 625 699 748 781; x_wconf 83' lang='lat' dir='ltr'><strong>gratiae</strong></span> <span class='ocrx_word' id='word_1_15' title='bbox 781 697 927 763; x_wconf 80' lang='lat' dir='ltr'><strong>effectum</strong></span> <span class='ocrx_word' id='word_1_16' title='bbox 959 705 1103 780; x_wconf 86' lang='lat' dir='ltr'><strong>apertum</strong></span> <span class='ocrx_word' id='word_1_17' title='bbox 1141 694 1306 778; x_wconf 87' lang='lat' dir='ltr'><strong>significat.</strong></span> 
     </span>
    </p>
   </div>
   <div class='ocr_carea' id='block_1_3' title="bbox 85 821 1308 940">
    <p class='ocr_par' dir='ltr' id='par_1_3' title="bbox 85 821 1308 940">
     <span class='ocr_line' id='line_1_4' title="bbox 85 821 1308 940; baseline -0.009 -32"><span class='ocrx_word' id='word_1_18' title='bbox 85 829 87 836; x_wconf 58' lang='grc'><em>’</em></span> <span class='ocrx_word' id='word_1_19' title='bbox 185 837 270 917; x_wconf 83' lang='lat' dir='ltr'><strong>Quid</strong></span> <span class='ocrx_word' id='word_1_20' title='bbox 292 841 332 906; x_wconf 87' lang='lat' dir='ltr'><strong>sit</strong></span> <span class='ocrx_word' id='word_1_21' title='bbox 359 821 526 940; x_wconf 38' lang='lat' dir='ltr'><strong>„Rufii</strong></span> <span class='ocrx_word' id='word_1_22' title='bbox 562 839 690 906; x_wconf 83' lang='lat' dir='ltr'><strong>difficile</strong></span> <span class='ocrx_word' id='word_1_23' title='bbox 714 842 799 907; x_wconf 86' lang='lat' dir='ltr'><strong>dictu</strong></span> <span class='ocrx_word' id='word_1_24' title='bbox 816 850 874 906; x_wconf 87' lang='lat' dir='ltr'><strong>est.</strong></span> <span class='ocrx_word' id='word_1_25' title='bbox 906 840 1054 906; x_wconf 78' lang='lat' dir='ltr'><strong>Forsitan</strong></span> <span class='ocrx_word' id='word_1_26' title='bbox 1071 859 1128 922; x_wconf 88' lang='lat' dir='ltr'><strong>pro</strong></span> <span class='ocrx_word' id='word_1_27' title='bbox 1152 835 1308 920; x_wconf 81' lang='grc' dir='ltr'><strong><em>κυριακόν</em></strong></span> 
     </span>
    </p>
   </div>
   <div class='ocr_carea' id='block_1_4' title="bbox 184 955 1309 1317">
    <p class='ocr_par' dir='ltr' id='par_1_4' title="bbox 184 955 1309 1317">
     <span class='ocr_line' id='line_1_5' title="bbox 186 955 1309 1086; baseline -0.004 -39"><span class='ocrx_word' id='word_1_28' title='bbox 186 981 326 1065; x_wconf 87' lang='lat' dir='ltr'><strong>positum</strong></span> <span class='ocrx_word' id='word_1_29' title='bbox 355 955 431 1065; x_wconf 84' lang='lat' dir='ltr'><strong>est,¹</strong></span> <span class='ocrx_word' id='word_1_30' title='bbox 456 963 653 1086; x_wconf 47' lang='lat' dir='ltr'><strong>„fian-Gi.</strong></span> <span class='ocrx_word' id='word_1_31' title='bbox 701 984 897 1066; x_wconf 80' lang='lat' dir='ltr'><strong>Quamquam</strong></span> <span class='ocrx_word' id='word_1_32' title='bbox 931 1003 994 1048; x_wconf 90' lang='lat' dir='ltr'><strong>nou</strong></span> <span class='ocrx_word' id='word_1_33' title='bbox 1017 981 1057 1045; x_wconf 88' lang='lat' dir='ltr'><strong>de</strong></span> <span class='ocrx_word' id='word_1_34' title='bbox 1080 979 1150 1063; x_wconf 89' lang='lat' dir='ltr'><strong>ipso</strong></span> <span class='ocrx_word' id='word_1_35' title='bbox 1182 977 1309 1065; x_wconf 72' lang='grc' dir='ltr'><strong><em>δείπνῳ</em></strong></span> 
     </span>
     <span class='ocr_line' id='line_1_6' title="bbox 184 1104 1307 1193; baseline 0.003 -26"><span class='ocrx_word' id='word_1_36' title='bbox 184 1108 326 1193; x_wconf 63' lang='lat' dir='ltr'><strong>morungi</strong></span> <span class='ocrx_word' id='word_1_37' title='bbox 348 1106 370 1173; x_wconf 89' lang='lat' dir='ltr'><strong>i.</strong></span> <span class='ocrx_word' id='word_1_38' title='bbox 384 1127 410 1174; x_wconf 90' lang='lat' dir='ltr'><strong>e.</strong></span> <span class='ocrx_word' id='word_1_39' title='bbox 435 1107 476 1174; x_wconf 89' lang='lat' dir='ltr'><strong>de</strong></span> <span class='ocrx_word' id='word_1_40' title='bbox 491 1129 589 1175; x_wconf 87' lang='lat' dir='ltr'><strong>coena</strong></span> <span class='ocrx_word' id='word_1_41' title='bbox 612 1105 731 1174; x_wconf 89' lang='lat' dir='ltr'><strong>domiui</strong></span> <span class='ocrx_word' id='word_1_42' title='bbox 756 1107 810 1190; x_wconf 80' lang='lat' dir='ltr'><strong>(ci.</strong></span> <span class='ocrx_word' id='word_1_43' title='bbox 838 1113 852 1173; x_wconf 90' lang='lat'>1</span> <span class='ocrx_word' id='word_1_44' title='bbox 872 1106 1014 1174; x_wconf 86' lang='lat' dir='ltr'><strong>Corinth.</strong></span> <span class='ocrx_word' id='word_1_45' title='bbox 1035 1109 1085 1186; x_wconf 86' lang='lat'><strong>11,</strong></span> <span class='ocrx_word' id='word_1_46' title='bbox 1110 1104 1179 1184; x_wconf 82' lang='lat'><strong>20.)</strong></span> <span class='ocrx_word' id='word_1_47' title='bbox 1203 1123 1307 1170; x_wconf 82' lang='lat' dir='ltr'><strong>sermo</strong></span> 
     </span>
     <span class='ocr_line' id='line_1_7' title="bbox 190 1227 1307 1317; baseline -0.002 -23"><span class='ocrx_word' id='word_1_48' title='bbox 190 1236 247 1311; x_wconf 89' lang='lat' dir='ltr'><strong>est,</strong></span> <span class='ocrx_word' id='word_1_49' title='bbox 272 1239 378 1298; x_wconf 89' lang='lat' dir='ltr'><strong>tamen</strong></span> <span class='ocrx_word' id='word_1_50' title='bbox 401 1231 476 1300; x_wconf 86' lang='lat' dir='ltr'><strong>illue</strong></span> <span class='ocrx_word' id='word_1_51' title='bbox 497 1253 614 1300; x_wconf 86' lang='lat' dir='ltr'><strong>coenae</strong></span> <span class='ocrx_word' id='word_1_52' title='bbox 637 1253 695 1317; x_wconf 88' lang='lat' dir='ltr'><strong>pro</strong></span> <span class='ocrx_word' id='word_1_53' title='bbox 720 1231 913 1316; x_wconf 88' lang='lat' dir='ltr'><strong>pauperibus</strong></span> <span class='ocrx_word' id='word_1_54' title='bbox 936 1231 1098 1296; x_wconf 86' lang='lat' dir='ltr'><strong>institutae</strong></span> <span class='ocrx_word' id='word_1_55' title='bbox 1114 1227 1156 1293; x_wconf 84' lang='lat' dir='ltr'><strong>ad</strong></span> <span class='ocrx_word' id='word_1_56' title='bbox 1176 1247 1307 1294; x_wconf 86' lang='lat' dir='ltr'><strong>coenam</strong></span> 
     </span>
    </p>
   </div>
   <div class='ocr_carea' id='block_1_5' title="bbox 187 1351 1308 1480">
    <p class='ocr_par' dir='ltr' id='par_1_5' title="bbox 187 1351 1308 1480">
     <span class='ocr_line' id='line_1_8' title="bbox 187 1351 1308 1480; baseline -0.005 -40"><span class='ocrx_word' id='word_1_57' title='bbox 187 1373 310 1440; x_wconf 88' lang='lat' dir='ltr'><strong>domini</strong></span> <span class='ocrx_word' id='word_1_58' title='bbox 333 1372 569 1459; x_wconf 89' lang='lat' dir='ltr'><strong>quodammodo</strong></span> <span class='ocrx_word' id='word_1_59' title='bbox 592 1375 759 1458; x_wconf 86' lang='lat' dir='ltr'><strong>pertinent.</strong></span> <span class='ocrx_word' id='word_1_60' title='bbox 799 1371 847 1437; x_wconf 89' lang='lat' dir='ltr'><strong>De</strong></span> <span class='ocrx_word' id='word_1_61' title='bbox 874 1351 1006 1458; x_wconf 59' lang='lat' dir='ltr'><strong>psat(</strong></span> <span class='ocrx_word' id='word_1_62' title='bbox 1018 1351 1108 1480; x_wconf 52' lang='grc' dir='ltr'><strong>ΓΚ</strong></span> <span class='ocrx_word' id='word_1_63' title='bbox 1126 1355 1210 1478; x_wconf 59' lang='lat'><strong>&#39;74²-</strong></span> <span class='ocrx_word' id='word_1_64' title='bbox 1237 1368 1308 1434; x_wconf 84' lang='lat' dir='ltr'><strong>ride</strong></span> 
     </span>
    </p>
   </div>
   <div class='ocr_carea' id='block_1_6' title="bbox 184 1495 526 1564">
    <p class='ocr_par' dir='ltr' id='par_1_6' title="bbox 184 1495 526 1564">
     <span class='ocr_line' id='line_1_9' title="bbox 184 1495 526 1564; baseline -0.006 0"><span class='ocrx_word' id='word_1_65' title='bbox 184 1507 292 1564; x_wconf 85' lang='lat' dir='ltr'><strong>annot.</strong></span> <span class='ocrx_word' id='word_1_66' title='bbox 315 1495 358 1564; x_wconf 81' lang='lat' dir='ltr'><strong>ad</strong></span> <span class='ocrx_word' id='word_1_67' title='bbox 380 1516 448 1564; x_wconf 82' lang='lat' dir='ltr'><strong>cau.</strong></span> <span class='ocrx_word' id='word_1_68' title='bbox 474 1503 526 1564; x_wconf 79' lang='lat'><strong>34.</strong></span> 
     </span>
    </p>
   </div>
   <div class='ocr_carea' id='block_1_7' title="bbox 107 1724 1306 1938">
    <p class='ocr_par' dir='ltr' id='par_1_7' title="bbox 107 1724 1306 1938">
     <span class='ocr_line' id='line_1_10' title="bbox 276 1724 1306 1811; baseline 0.002 -19"><span class='ocrx_word' id='word_1_69' title='bbox 276 1724 446 1794; x_wconf 82' lang='lat' dir='ltr'>XXXIV.</span> <span class='ocrx_word' id='word_1_70' title='bbox 492 1729 579 1795; x_wconf 87' lang='lat' dir='ltr'><strong>Haec</strong></span> <span class='ocrx_word' id='word_1_71' title='bbox 609 1727 784 1796; x_wconf 81' lang='lat' dir='ltr'><strong>admonitio</strong></span> <span class='ocrx_word' id='word_1_72' title='bbox 822 1726 864 1793; x_wconf 85' lang='lat' dir='ltr'><strong>sd</strong></span> <span class='ocrx_word' id='word_1_73' title='bbox 894 1727 1078 1811; x_wconf 79' lang='lat' dir='ltr'><strong>Agapurum</strong></span> <span class='ocrx_word' id='word_1_74' title='bbox 1117 1725 1306 1795; x_wconf 77' lang='lat' dir='ltr'><strong>modestiam</strong></span> 
     </span>
     <span class='ocr_line' id='line_1_11' title="bbox 107 1849 1081 1938; baseline 0.004 -23"><span class='ocrx_word' id='word_1_75' title='bbox 107 1849 112 1858; x_wconf 90' lang='lat'>&#39;</span> <span class='ocrx_word' id='word_1_76' title='bbox 185 1851 331 1937; x_wconf 81' lang='lat' dir='ltr'><strong>pertinet,</strong></span> <span class='ocrx_word' id='word_1_77' title='bbox 356 1861 391 1918; x_wconf 87' lang='lat' dir='ltr'><strong>ut</strong></span> <span class='ocrx_word' id='word_1_78' title='bbox 414 1875 454 1918; x_wconf 84' lang='lat' dir='ltr'><strong>ex</strong></span> <span class='ocrx_word' id='word_1_79' title='bbox 477 1851 661 1920; x_wconf 87' lang='lat' dir='ltr'><strong>Didascalia</strong></span> <span class='ocrx_word' id='word_1_80' title='bbox 683 1857 767 1938; x_wconf 89' lang='lat' dir='ltr'><strong>copt.</strong></span> <span class='ocrx_word' id='word_1_81' title='bbox 791 1850 834 1936; x_wconf 88' lang='lat' dir='ltr'><strong>(p.</strong></span> <span class='ocrx_word' id='word_1_82' title='bbox 853 1851 911 1934; x_wconf 88' lang='grc'><strong>68)</strong></span> <span class='ocrx_word' id='word_1_83' title='bbox 934 1858 1081 1936; x_wconf 86' lang='lat' dir='ltr'><strong>apparet.</strong></span> 
     </span>
    </p>
   </div>
   <div class='ocr_carea' id='block_1_8' title="bbox 181 1992 1305 2088">
    <p class='ocr_par' dir='ltr' id='par_1_8' title="bbox 181 1992 1305 2088">
     <span class='ocr_line' id='line_1_12' title="bbox 181 1992 1305 2088; baseline -0.002 -28"><span class='ocrx_word' id='word_1_84' title='bbox 181 2063 186 2088; x_wconf 41' lang='grc' dir='ltr'>ι</span> <span class='ocrx_word' id='word_1_85' title='bbox 275 1993 363 2074; x_wconf 83' lang='lat' dir='ltr'><strong>Quae</strong></span> <span class='ocrx_word' id='word_1_86' title='bbox 386 1993 426 2060; x_wconf 88' lang='lat' dir='ltr'><strong>de</strong></span> <span class='ocrx_word' id='word_1_87' title='bbox 449 1995 610 2079; x_wconf 77' lang='lat' dir='ltr'><strong>Episcopo</strong></span> <span class='ocrx_word' id='word_1_88' title='bbox 633 1993 805 2074; x_wconf 88' lang='lat' dir='ltr'><strong>adduntur,</strong></span> <span class='ocrx_word' id='word_1_89' title='bbox 838 1997 880 2059; x_wconf 87' lang='lat' dir='ltr'><strong>ab</strong></span> <span class='ocrx_word' id='word_1_90' title='bbox 910 1992 1171 2078; x_wconf 76' lang='lat' dir='ltr'><strong>interpretatione</strong></span> <span class='ocrx_word' id='word_1_91' title='bbox 1195 2012 1305 2060; x_wconf 82' lang='lat' dir='ltr'><strong>vocum</strong></span> 
     </span>
    </p>
   </div>
   <div class='ocr_carea' id='block_1_9' title="bbox 184 2312 1307 2772">
    <p class='ocr_par' dir='ltr' id='par_1_9' title="bbox 184 2312 1307 2772">
     <span class='ocr_line' id='line_1_13' title="bbox 186 2312 1307 2398; baseline 0.002 -20"><span class='ocrx_word' id='word_1_92' title='bbox 186 2313 344 2380; x_wconf 83' lang='lat' dir='ltr'><strong>sententia</strong></span> <span class='ocrx_word' id='word_1_93' title='bbox 367 2321 525 2382; x_wconf 86' lang='lat' dir='ltr'><strong>mutatur:</strong></span> <span class='ocrx_word' id='word_1_94' title='bbox 561 2315 653 2398; x_wconf 88' lang='lat' dir='ltr'><strong>„Quo</strong></span> <span class='ocrx_word' id='word_1_95' title='bbox 676 2333 821 2380; x_wconf 85' lang='lat' dir='ltr'><strong>sermone</strong></span> <span class='ocrx_word' id='word_1_96' title='bbox 845 2323 877 2380; x_wconf 89' lang='lat' dir='ltr'><strong>et</strong></span> <span class='ocrx_word' id='word_1_97' title='bbox 899 2312 1062 2382; x_wconf 74' lang='lat' dir='ltr'><strong>auditores</strong></span> <span class='ocrx_word' id='word_1_98' title='bbox 1085 2314 1253 2398; x_wconf 82' lang='lat' dir='ltr'><strong>proficient</strong></span> <span class='ocrx_word' id='word_1_99' title='bbox 1275 2321 1307 2380; x_wconf 86' lang='lat' dir='ltr'><strong>et</strong></span> 
     </span>
     <span class='ocr_line' id='line_1_14' title="bbox 185 2436 1304 2524; baseline 0.002 -22"><span class='ocrx_word' id='word_1_100' title='bbox 185 2437 252 2522; x_wconf 87' lang='lat' dir='ltr'><strong>ipse</strong></span> <span class='ocrx_word' id='word_1_101' title='bbox 274 2436 418 2522; x_wconf 85' lang='lat' dir='ltr'><strong>proficiet</strong></span> <span class='ocrx_word' id='word_1_102' title='bbox 433 2449 464 2505; x_wconf 88' lang='lat' dir='ltr'><strong>at</strong></span> <span class='ocrx_word' id='word_1_103' title='bbox 480 2439 655 2507; x_wconf 88' lang='lat' dir='ltr'><strong>lucrabitur</strong></span> <span class='ocrx_word' id='word_1_104' title='bbox 676 2439 830 2524; x_wconf 88' lang='lat' dir='ltr'><strong>aliquid.“</strong></span> <span class='ocrx_word' id='word_1_105' title='bbox 871 2439 1020 2506; x_wconf 86' lang='lat' dir='ltr'><strong>Dooendo</strong></span> <span class='ocrx_word' id='word_1_106' title='bbox 1037 2440 1120 2506; x_wconf 86' lang='lat' dir='ltr'><strong>enim</strong></span> <span class='ocrx_word' id='word_1_107' title='bbox 1144 2437 1304 2504; x_wconf 86' lang='lat' dir='ltr'><strong>discimus.</strong></span> 
     </span>
     <span class='ocr_line' id='line_1_15' title="bbox 186 2559 1306 2646; baseline 0.005 -22"><span class='ocrx_word' id='word_1_108' title='bbox 186 2559 245 2639; x_wconf 87' lang='lat' dir='ltr'><strong>Qui</strong></span> <span class='ocrx_word' id='word_1_109' title='bbox 262 2583 393 2628; x_wconf 85' lang='lat' dir='ltr'><strong>munere</strong></span> <span class='ocrx_word' id='word_1_110' title='bbox 412 2565 645 2631; x_wconf 88' lang='lat' dir='ltr'><strong>concionatoris</strong></span> <span class='ocrx_word' id='word_1_111' title='bbox 671 2569 749 2630; x_wconf 83' lang='lat' dir='ltr'><strong>boue</strong></span> <span class='ocrx_word' id='word_1_112' title='bbox 764 2563 946 2646; x_wconf 88' lang='lat' dir='ltr'><strong>iunguntur,</strong></span> <span class='ocrx_word' id='word_1_113' title='bbox 964 2569 996 2628; x_wconf 87' lang='lat' dir='ltr'><strong>et</strong></span> <span class='ocrx_word' id='word_1_114' title='bbox 1010 2562 1172 2630; x_wconf 78' lang='lat' dir='ltr'><strong>auditores</strong></span> <span class='ocrx_word' id='word_1_115' title='bbox 1192 2563 1306 2646; x_wconf 85' lang='lat' dir='ltr'><strong>juvant</strong></span> 
     </span>
     <span class='ocr_line' id='line_1_16' title="bbox 184 2683 1303 2772; baseline 0.004 -25"><span class='ocrx_word' id='word_1_116' title='bbox 184 2689 217 2748; x_wconf 85' lang='lat' dir='ltr'><strong>at</strong></span> <span class='ocrx_word' id='word_1_117' title='bbox 239 2683 300 2766; x_wconf 88' lang='lat' dir='ltr'><strong>ipsi</strong></span> <span class='ocrx_word' id='word_1_118' title='bbox 325 2686 426 2770; x_wconf 82' lang='lat' dir='ltr'><strong>magis</strong></span> <span class='ocrx_word' id='word_1_119' title='bbox 449 2689 613 2772; x_wconf 83' lang='lat' dir='ltr'><strong>magisque</strong></span> <span class='ocrx_word' id='word_1_120' title='bbox 644 2687 774 2752; x_wconf 73' lang='lat' dir='ltr'><strong>edenda</strong></span> <span class='ocrx_word' id='word_1_121' title='bbox 797 2697 830 2753; x_wconf 86' lang='lat' dir='ltr'><strong>et</strong></span> <span class='ocrx_word' id='word_1_122' title='bbox 852 2691 979 2752; x_wconf 78' lang='lat' dir='ltr'><strong>virtutis</strong></span> <span class='ocrx_word' id='word_1_123' title='bbox 1006 2707 1117 2752; x_wconf 86' lang='lat' dir='ltr'><strong>amore</strong></span> <span class='ocrx_word' id='word_1_124' title='bbox 1140 2695 1303 2769; x_wconf 80' lang='lat' dir='ltr'><strong>augentur.</strong></span> 
     </span>
    </p>
   </div>
   <div class='ocr_carea' id='block_1_10' title="bbox 185 2801 1304 2988">
    <p class='ocr_par' dir='ltr' id='par_1_10' title="bbox 185 2801 1304 2988">
     <span class='ocr_line' id='line_1_17' title="bbox 185 2801 1304 2988; baseline 0.006 -83"><span class='ocrx_word' id='word_1_125' title='bbox 185 2841 288 2908; x_wconf 79' lang='lat' dir='ltr'><strong>Minus</strong></span> <span class='ocrx_word' id='word_1_126' title='bbox 312 2846 434 2930; x_wconf 86' lang='lat' dir='ltr'><strong>placet:</strong></span> <span class='ocrx_word' id='word_1_127' title='bbox 467 2801 566 2959; x_wconf 38' lang='lat' dir='ltr'><strong>isi?</strong></span> <span class='ocrx_word' id='word_1_128' title='bbox 589 2853 622 2913; x_wconf 86' lang='lat' dir='ltr'><strong>et</strong></span> <span class='ocrx_word' id='word_1_129' title='bbox 650 2821 765 2988; x_wconf 44' lang='grc' dir='ltr'><strong>ἔχη</strong></span> <span class='ocrx_word' id='word_1_130' title='bbox 794 2869 889 2932; x_wconf 90' lang='lat' dir='ltr'><strong>quam</strong></span> <span class='ocrx_word' id='word_1_131' title='bbox 907 2845 1072 2913; x_wconf 83' lang='lat' dir='ltr'><strong>lectionem</strong></span> <span class='ocrx_word' id='word_1_132' title='bbox 1088 2845 1115 2910; x_wconf 90' lang='lat' dir='ltr'><strong>si</strong></span> <span class='ocrx_word' id='word_1_133' title='bbox 1131 2845 1304 2930; x_wconf 76' lang='lat' dir='ltr'><strong>praeferar,</strong></span> 
     </span>
    </p>
   </div>
   <div class='ocr_carea' id='block_1_11' title="bbox 184 3003 1303 3215">
    <p class='ocr_par' dir='ltr' id='par_1_11' title="bbox 184 3003 1303 3215">
     <span class='ocr_line' id='line_1_18' title="bbox 185 3003 1303 3090; baseline 0.004 -24"><span class='ocrx_word' id='word_1_134' title='bbox 185 3003 464 3088; x_wconf 74' lang='lat' dir='ltr'><strong>interpretaberis:</strong></span> <span class='ocrx_word' id='word_1_135' title='bbox 488 3008 625 3086; x_wconf 81' lang='lat' dir='ltr'><strong>Quando</strong></span> <span class='ocrx_word' id='word_1_136' title='bbox 641 3013 747 3071; x_wconf 86' lang='lat' dir='ltr'><strong>antem</strong></span> <span class='ocrx_word' id='word_1_137' title='bbox 763 3005 939 3090; x_wconf 87' lang='lat' dir='ltr'><strong>Episcopus</strong></span> <span class='ocrx_word' id='word_1_138' title='bbox 961 3007 1165 3072; x_wconf 90' lang='lat' dir='ltr'><strong>concionatur</strong></span> <span class='ocrx_word' id='word_1_139' title='bbox 1180 3005 1303 3087; x_wconf 85' lang='lat' dir='ltr'><strong>sedens,</strong></span> 
     </span>
     <span class='ocr_line' id='line_1_19' title="bbox 184 3129 1303 3215; baseline 0.004 -25"><span class='ocrx_word' id='word_1_140' title='bbox 184 3129 302 3192; x_wconf 83' lang='lat' dir='ltr'><strong>caeteri</strong></span> <span class='ocrx_word' id='word_1_141' title='bbox 326 3153 398 3197; x_wconf 90' lang='lat' dir='ltr'><strong>cum</strong></span> <span class='ocrx_word' id='word_1_142' title='bbox 421 3139 559 3198; x_wconf 86' lang='lat' dir='ltr'><strong>tremore</strong></span> <span class='ocrx_word' id='word_1_143' title='bbox 583 3131 733 3197; x_wconf 85' lang='lat' dir='ltr'><strong>assistunt</strong></span> <span class='ocrx_word' id='word_1_144' title='bbox 755 3141 851 3215; x_wconf 90' lang='lat' dir='ltr'><strong>atque</strong></span> <span class='ocrx_word' id='word_1_145' title='bbox 876 3131 971 3196; x_wconf 84' lang='lat' dir='ltr'><strong>etiam</strong></span> <span class='ocrx_word' id='word_1_146' title='bbox 995 3131 1063 3215; x_wconf 89' lang='lat' dir='ltr'><strong>ipse</strong></span> <span class='ocrx_word' id='word_1_147' title='bbox 1085 3151 1147 3196; x_wconf 89' lang='lat' dir='ltr'><strong>non</strong></span> <span class='ocrx_word' id='word_1_148' title='bbox 1170 3135 1213 3196; x_wconf 88' lang='lat' dir='ltr'><strong>sit</strong></span> <span class='ocrx_word' id='word_1_149' title='bbox 1235 3131 1303 3198; x_wconf 87' lang='lat' dir='ltr'><strong>sine</strong></span> 
     </span>
    </p>
   </div>
   <div class='ocr_carea' id='block_1_12' title="bbox 182 3254 1302 3382">
    <p class='ocr_par' dir='ltr' id='par_1_12' title="bbox 182 3254 1302 3382">
     <span class='ocr_line' id='line_1_20' title="bbox 182 3254 1302 3382; baseline 0.005 -51"><span class='ocrx_word' id='word_1_150' title='bbox 182 3271 331 3334; x_wconf 83' lang='lat' dir='ltr'><strong>tremore.</strong></span> <span class='ocrx_word' id='word_1_151' title='bbox 383 3254 515 3358; x_wconf 49' lang='lat' dir='ltr'><strong>wat-s</strong></span> <span class='ocrx_word' id='word_1_152' title='bbox 529 3255 617 3382; x_wconf 63' lang='lat' dir='ltr'><strong>sus</strong></span> <span class='ocrx_word' id='word_1_153' title='bbox 634 3260 718 3380; x_wconf 63' lang='grc' dir='ltr'><strong>ΙῙςὲ</strong></span> <span class='ocrx_word' id='word_1_154' title='bbox 756 3281 790 3342; x_wconf 86' lang='lat' dir='ltr'><strong>et</strong></span> <span class='ocrx_word' id='word_1_155' title='bbox 819 3275 851 3340; x_wconf 92' lang='lat' dir='ltr'><strong>in</strong></span> <span class='ocrx_word' id='word_1_156' title='bbox 888 3273 949 3340; x_wconf 90' lang='lat' dir='ltr'><strong>hoc</strong></span> <span class='ocrx_word' id='word_1_157' title='bbox 979 3281 1013 3340; x_wconf 90' lang='lat' dir='ltr'><strong>et</strong></span> <span class='ocrx_word' id='word_1_158' title='bbox 1041 3273 1074 3338; x_wconf 90' lang='lat' dir='ltr'><strong>in</strong></span> <span class='ocrx_word' id='word_1_159' title='bbox 1105 3294 1225 3339; x_wconf 85' lang='lat' dir='ltr'><strong>canone</strong></span> <span class='ocrx_word' id='word_1_160' title='bbox 1250 3276 1302 3338; x_wconf 79' lang='lat'><strong>33.</strong></span> 
     </span>
    </p>
   </div>
   <div class='ocr_carea' id='block_1_13' title="bbox 183 3395 1303 3603">
    <p class='ocr_par' dir='ltr' id='par_1_13' title="bbox 183 3395 1303 3603">
     <span class='ocr_line' id='line_1_21' title="bbox 184 3395 1303 3482; baseline 0.004 -24"><span class='ocrx_word' id='word_1_161' title='bbox 184 3407 361 3475; x_wconf 69' lang='lat' dir='ltr'><strong>occurrens,</strong></span> <span class='ocrx_word' id='word_1_162' title='bbox 383 3395 612 3462; x_wconf 87' lang='lat' dir='ltr'><strong>subobscurum</strong></span> <span class='ocrx_word' id='word_1_163' title='bbox 629 3404 686 3464; x_wconf 90' lang='lat' dir='ltr'><strong>est.</strong></span> <span class='ocrx_word' id='word_1_164' title='bbox 717 3397 766 3462; x_wconf 89' lang='lat' dir='ltr'><strong>De</strong></span> <span class='ocrx_word' id='word_1_165' title='bbox 782 3397 915 3480; x_wconf 84' lang='lat' dir='ltr'><strong>eulogiis</strong></span> <span class='ocrx_word' id='word_1_166' title='bbox 932 3417 1001 3462; x_wconf 86' lang='lat' dir='ltr'><strong>ease</strong></span> <span class='ocrx_word' id='word_1_167' title='bbox 1014 3417 1203 3478; x_wconf 85' lang='lat' dir='ltr'><strong>sermonem,</strong></span> <span class='ocrx_word' id='word_1_168' title='bbox 1222 3416 1303 3482; x_wconf 78' lang='lat' dir='ltr'><strong>quae</strong></span> 
     </span>
     <span class='ocr_line' id='line_1_22' title="bbox 183 3522 1301 3603; baseline 0.004 -21"><span class='ocrx_word' id='word_1_169' title='bbox 183 3523 258 3600; x_wconf 84' lang='lat' dir='ltr'><strong>poet</strong></span> <span class='ocrx_word' id='word_1_170' title='bbox 288 3526 450 3603; x_wconf 84' lang='lat' dir='ltr'><strong>acceptum</strong></span> <span class='ocrx_word' id='word_1_171' title='bbox 484 3529 716 3586; x_wconf 85' lang='lat' dir='ltr'><strong>sacramentum</strong></span> <span class='ocrx_word' id='word_1_172' title='bbox 748 3529 821 3586; x_wconf 90' lang='lat' dir='ltr'><strong>ante</strong></span> <span class='ocrx_word' id='word_1_173' title='bbox 853 3522 1077 3588; x_wconf 86' lang='lat' dir='ltr'><strong>comestionem</strong></span> <span class='ocrx_word' id='word_1_174' title='bbox 1100 3540 1301 3587; x_wconf 83' lang='lat' dir='ltr'><strong>communem</strong></span> 
     </span>
    </p>
   </div>
   <div class='ocr_carea' id='block_1_14' title="bbox 182 3645 1302 3908">
    <p class='ocr_par' dir='ltr' id='par_1_14' title="bbox 182 3645 1302 3908">
     <span class='ocr_line' id='line_1_23' title="bbox 183 3645 1302 3791; baseline 0 -44"><span class='ocrx_word' id='word_1_175' title='bbox 183 3680 353 3760; x_wconf 83' lang='lat' dir='ltr'><strong>dabantur,</strong></span> <span class='ocrx_word' id='word_1_176' title='bbox 378 3685 497 3746; x_wconf 86' lang='lat' dir='ltr'><strong>eertum</strong></span> <span class='ocrx_word' id='word_1_177' title='bbox 514 3689 571 3748; x_wconf 84' lang='lat' dir='ltr'><strong>cst.</strong></span> <span class='ocrx_word' id='word_1_178' title='bbox 609 3681 692 3764; x_wconf 83' lang='lat' dir='ltr'><strong>Lego</strong></span> <span class='ocrx_word' id='word_1_179' title='bbox 715 3648 842 3782; x_wconf 55' lang='lat' dir='ltr'><strong>0525·ss</strong></span> <span class='ocrx_word' id='word_1_180' title='bbox 856 3645 942 3791; x_wconf 40' lang='grc' dir='ltr'><strong>ᾖς’</strong></span> <span class='ocrx_word' id='word_1_181' title='bbox 962 3646 1046 3790; x_wconf 40' lang='lat' dir='ltr'><strong>ip»</strong></span> <span class='ocrx_word' id='word_1_182' title='bbox 1074 3681 1160 3763; x_wconf 90' lang='lat' dir='ltr'><strong>quod</strong></span> <span class='ocrx_word' id='word_1_183' title='bbox 1184 3679 1302 3765; x_wconf 79' lang='lat' dir='ltr'><strong>duplici</strong></span> 
     </span>
     <span class='ocr_line' id='line_1_24' title="bbox 182 3819 1302 3908; baseline 0.005 -22"><span class='ocrx_word' id='word_1_184' title='bbox 182 3819 279 3886; x_wconf 90' lang='lat' dir='ltr'><strong>modo</strong></span> <span class='ocrx_word' id='word_1_185' title='bbox 302 3822 506 3906; x_wconf 79' lang='lat' dir='ltr'><strong>interpretari</strong></span> <span class='ocrx_word' id='word_1_186' title='bbox 530 3843 708 3908; x_wconf 81' lang='lat' dir='ltr'><strong>possumus.</strong></span> <span class='ocrx_word' id='word_1_187' title='bbox 757 3825 867 3905; x_wconf 85' lang='lat' dir='ltr'><strong>Panis,</strong></span> <span class='ocrx_word' id='word_1_188' title='bbox 899 3827 953 3908; x_wconf 91' lang='lat' dir='ltr'><strong>qui</strong></span> <span class='ocrx_word' id='word_1_189' title='bbox 977 3823 1133 3906; x_wconf 78' lang='lat' dir='ltr'><strong>frangitur</strong></span> <span class='ocrx_word' id='word_1_190' title='bbox 1155 3822 1222 3890; x_wconf 85' lang='lat' dir='ltr'><strong>sole</strong></span> <span class='ocrx_word' id='word_1_191' title='bbox 1245 3826 1302 3892; x_wconf 83' lang='lat' dir='ltr'><strong>ad·</strong></span> 
     </span>
    </p>
   </div>
   <div class='ocr_carea' id='block_1_15' title="bbox 180 3943 1301 4160">
    <p class='ocr_par' dir='ltr' id='par_1_15' title="bbox 180 3943 1301 4160">
     <span class='ocr_line' id='line_1_25' title="bbox 181 3943 1300 4032; baseline 0.003 -20"><span class='ocrx_word' id='word_1_192' title='bbox 181 3943 243 4012; x_wconf 89' lang='lat' dir='ltr'><strong>huc</strong></span> <span class='ocrx_word' id='word_1_193' title='bbox 268 3947 405 4028; x_wconf 82' lang='lat' dir='ltr'><strong>incanto,</strong></span> <span class='ocrx_word' id='word_1_194' title='bbox 431 3947 478 4012; x_wconf 84' lang='lat' dir='ltr'><strong>ret</strong></span> <span class='ocrx_word' id='word_1_195' title='bbox 501 3945 604 4032; x_wconf 83' lang='lat' dir='ltr'><strong>panis,</strong></span> <span class='ocrx_word' id='word_1_196' title='bbox 630 3946 683 4032; x_wconf 91' lang='lat' dir='ltr'><strong>qui</strong></span> <span class='ocrx_word' id='word_1_197' title='bbox 707 3947 863 4032; x_wconf 77' lang='lat' dir='ltr'><strong>frangitur</strong></span> <span class='ocrx_word' id='word_1_198' title='bbox 887 3951 917 4014; x_wconf 87' lang='lat' dir='ltr'><strong>ia</strong></span> <span class='ocrx_word' id='word_1_199' title='bbox 944 3945 1183 4015; x_wconf 83' lang='lat' dir='ltr'><strong>similitudinem</strong></span> <span class='ocrx_word' id='word_1_200' title='bbox 1205 3947 1300 4032; x_wconf 55' lang='lat' dir='ltr'><strong>notin</strong></span> 
     </span>
     <span class='ocr_line' id='line_1_26' title="bbox 180 4071 1301 4160; baseline 0.002 -20"><span class='ocrx_word' id='word_1_201' title='bbox 180 4071 265 4160; x_wconf 88' lang='lat' dir='ltr'><strong>quod</strong></span> <span class='ocrx_word' id='word_1_202' title='bbox 288 4080 394 4140; x_wconf 83' lang='lat' dir='ltr'><strong>tamen</strong></span> <span class='ocrx_word' id='word_1_203' title='bbox 418 4073 521 4142; x_wconf 89' lang='lat' dir='ltr'><strong>minus</strong></span> <span class='ocrx_word' id='word_1_204' title='bbox 543 4079 652 4158; x_wconf 88' lang='lat' dir='ltr'><strong>aptum</strong></span> <span class='ocrx_word' id='word_1_205' title='bbox 675 4081 732 4158; x_wconf 81' lang='lat' dir='ltr'><strong>ert,</strong></span> <span class='ocrx_word' id='word_1_206' title='bbox 761 4073 924 4144; x_wconf 86' lang='lat' dir='ltr'><strong>nonenim</strong></span> <span class='ocrx_word' id='word_1_207' title='bbox 948 4071 1161 4142; x_wconf 78' lang='lat' dir='ltr'><strong>demonstrari</strong></span> <span class='ocrx_word' id='word_1_208' title='bbox 1184 4081 1301 4160; x_wconf 84' lang='lat' dir='ltr'><strong>potest,</strong></span> 
     </span>
    </p>
   </div>
   <div class='ocr_carea' id='block_1_16' title="bbox 0 0 1538 4758">
    <p class='ocr_par' dir='ltr' id='par_1_16' title="bbox 0 0 1538 4758">
     <span class='ocr_line' id='line_1_27' title="bbox 0 0 1538 4758; baseline 0 0"><span class='ocrx_word' id='word_1_209' title='bbox 0 0 1538 4758; x_wconf 95' lang='lat' dir='ltr'><strong> </strong></span> 
     </span>
    </p>
   </div>
  </div>
 </body>
</html>
