3068 4758
269 463 313 528 cas
371 547 373 551 ¹

270 647 303 708 et
325 639 466 722 singulae
490 629 652 706 orationes
675 637 848 706 recitentur
870 657 967 722 super
997 635 1128 720 singulis
1160 635 1271 718 rebus,
1304 642 1336 704 et
1358 635 1393 702 in

268 749 332 814 line
362 741 557 830 singularum
598 747 778 814 orationum
811 748 962 813 ¹dicatur:
1004 743 1116 812 Gloria
1149 743 1206 811 tibi
1238 743 1326 810 Patri
1359 737 1394 810 at
1523 775 1524 816 ι

269 853 353 922 Filio
377 861 417 922 et
434 853 567 940 Spiritui
591 861 700 922 sancto
723 855 754 919 in
778 852 905 920 saccula
932 851 1143 920 saeculorum.
1191 853 1327 920 Amen·

394 1129 421 1205 '1
424 1137 461 1208 V.
503 1138 612 1208 Uocon
635 1144 772 1225 quartus
794 1139 834 1206 dc
856 1140 1056 1220 adiectione
1071 1137 1265 1224 presbyteri.
1309 1164 1321 1196 ι
1388 1205 1392 1220 ,

293 1327 295 1332 ’
359 1334 394 1406 si
409 1343 524 1404 *autem
548 1336 715 1404 ordinatur
738 1341 916 1424 presbyter,
948 1335 1055 1403 omnia
1087 1356 1159 1401 cum
1189 1355 1227 1402 co
1252 1331 1398 1400 similiter
1523 1321 1524 1410 Ϊ

271 1451 407 1526 agantur
429 1465 467 1513 ac
491 1466 563 1513 oum
587 1443 757 1530 Episcopo,
783 1445 844 1510 nisi
879 1429 966 1530 quod
999 1443 1118 1510 throno
1151 1462 1215 1510 non
1248 1440 1399 1508 insideat.
1523 1457 1524 1465 ¹

270 1553 378 1622 Etiam
399 1555 514 1622 eadem
536 1553 639 1622 oratio
670 1573 765 1637 super
789 1573 825 1620 eo
850 1552 1001 1619 recitetur
1025 1557 1095 1619 tota
1126 1557 1161 1620 ut
1184 1547 1278 1636 su'per
1301 1548 1400 1634 Epis·

271 1682 351 1746 copo
376 1680 447 1728 cum
471 1662 540 1728 sola
572 1663 757 1746 exceptione
788 1659 924 1726 nominis
947 1657 1171 1746 Episcopatus.
1216 1657 1401 1742 Episcopus

270 1769 303 1838 in
327 1769 475 1838 omnibus
505 1774 602 1837 rebus
633 1764 859 1854 aequiparetur
891 1759 1077 1853 presbytero
1107 1755 1242 1852 excepta
1265 1765 1340 1832 sede
1367 1773 1402 1835 et

268 1877 483 1962 ordinatione,
509 1877 584 1965 quia
605 1883 748 1964 potestas
772 1876 943 1946 ordinandi
964 1875 1025 1962 ipsi
1048 1897 1110 1943 non
1133 1875 1297 1944 tribuitur.
1356 1859 1359 1864 ’

405 2180 444 2251 V.
480 2177 591 2250 Ooooo
613 2181 746 2268 quintus
768 2180 1032 2249 reordinatione
1054 2179 1269 2250 diaconorum.

227 2426 229 2430 ,
363 2357 398 2426 Si
423 2359 588 2427 ordinatur
610 2357 780 2441 diaconus,
817 2357 1022 2426 observentur
1052 2377 1187 2424 canones
1211 2356 1401 2442 singulares,

274 2473 316 2535 et
330 2466 484 2534 recitetur
512 2467 592 2534 haec
624 2466 727 2535 oratio
758 2459 965 2552 supereum,
999 2485 1101 2551 neque
1128 2471 1236 2532 tamen
1258 2466 1332 2532 idco
1356 2465 1404 2531 ad

275 2574 506 2643 sacerdotalem
542 2574 687 2642 ordinem
721 2574 872 2660 pertinet,
911 2572 967 2642 sed
999 2573 1040 2640 ad
1075 2571 1291 2655 diaconalem,
1317 2573 1404 2641 sieut

276 2683 365 2751 decet
395 2671 521 2752 sernum
550 2671 621 2750 Dei.
668 2681 857 2766 (Diaconos)
890 2689 998 2748 autem
1028 2683 1147 2748 serviat
1176 2679 1335 2765 Episcopo
1369 2688 1404 2747 et

275 2791 470 2880 presbyteris
492 2791 525 2856 in
549 2793 695 2858 omnibns
725 2787 839 2871 rebus,
872 2809 975 2874 neque
1004 2789 1227 2878 tantummodo
1255 2778 1287 2851 in
1311 2784 1404 2854 obla·

276 2900 366 2967 tione
385 2904 505 2979 sancta,
522 2897 578 2965 sed
597 2899 692 2964 etiam
710 2897 750 2964 de
762 2896 893 2964 infirmis
909 2897 972 2964 illis
983 2918 1022 2964 ox
1036 2897 1164 2982 populo,
1178 2893 1293 2981 quibus
1307 2915 1404 2964 nemo

277 3008 371 3076 adest
394 3005 619 3092 (adjumento),
645 3005 813 3072 certiorem
835 3005 932 3072 faciat
956 3004 1191 3089 (Episcopum).
1226 3003 1405 3089 Episcopus

273 3121 384 3207 auten
407 3113 525 3182 certior
548 3101 606 3182 liat
636 3113 693 3198 (de
715 3133 848 3182 numero
872 3118 903 3180 et
926 3111 1108 3180 conditione
1129 3110 1343 3196 infirmorum)
1368 3118 1406 3178 ut

275 3229 352 3290 oret
373 3243 433 3308 pro
462 3221 524 3304 cis,
559 3221 684 3306 illisque
719 3220 945 3306 dispertiatur,
983 3240 1063 3305 quae
1092 3219 1169 3305 ipsis
1203 3240 1283 3305 opus
1315 3225 1406 3302 sunt,
1523 3299 1524 3308 ἵ

275 3329 464 3417 pariterque
480 3329 575 3396 etiarn
589 3328 772 3395 horninibus
786 3326 908 3396 occulta
925 3332 1065 3412 egestate
1081 3327 1208 3412 pressis.
1240 3325 1405 3412 (Diaconi)

281 3443 388 3506 autem
411 3438 551 3505 serviant
574 3437 668 3503 ctiam
691 3435 774 3517 aliis,
798 3457 932 3522 quorum
955 3437 1125 3503 miseretur
1148 3434 1335 3520 Episcopus.
1523 3413 1524 3502 f

340 3603 343 3608 .
373 3541 437 3627 (lta
459 3543 603 3611 instructi
626 3541 722 3629 sint),
755 3550 790 3608 ut
812 3543 938 3628 possint
960 3541 1081 3608 donare
1104 3540 1223 3623 viduis,
1252 3540 1406 3626 orphanis
1523 3557 1524 3562 ’

278 3657 316 3720 -et
331 3641 537 3737 pauperibus,
551 3636 668 3736 ‹le-'(ea,
680 3650 794 3736 quibus
805 3648 971 3733 indigent).
995 3651 1065 3716 Hoc
1077 3649 1173 3732 igitur
1190 3649 1285 3715 modo
1299 3649 1407 3716 omnia
1523 3679 1524 3750 j

285 3758 391 3860 officia
423 3756 588 3856 perficiat
627 3759 713 3858 'lulis
752 3779 864 3826 revera
895 3763 944 3824 est
978 3757 1128 3856 diaeonus
1161 3757 1233 3840 ille,
1270 3757 1311 3823 de
1342 3777 1407 3841 quo
1523 3761 1524 3816 ἒ

278 3865 554 3934 ‘Christus-dixit:
590 3865 623 3934 si
640 3866 711 3952 quia
727 3865 803 3932 mihi
826 3865 1063 3950 ministraverit,
1086 3863 1309 3933 honorificabit
1333 3886 1406 3931 eum
1523 3867 1524 3906 l

279 3978 381 4062 pater‘
401 3995 500 4043 meus.
547 3973 611 4059 (Jo.
629 3979 688 4058 112,
714 3972 792 4058 26.)-

296 4117 299 4126 ·
363 4080 551 4170 Episcopus
581 4087 688 4150 autem
720 4103 848 4149 manum
879 4101 968 4148 suam
1001 4081 1144 4167 imponat
1167 4079 1195 4148 ci
1225 4079 1307 4148 hanc
1335 4099 1408 4146 ora·

287 4189 566 4260 tionem—recitans
583 4211 686 4279 super
709 4210 779 4258 eum
804 4190 991 4278 dicensque:
1015 4189 1042 4256 0
1063 4187 1149 4255 Deus
1172 4195 1264 4275 pater
1280 4181 1408 4255 Domini
