3068 4758
236 375 279 438 74

244 535 251 545 ’
280 547 418 617 XVIII.
455 545 569 616 Oenea·
587 548 728 618 decimus
751 552 890 618 octavus.
928 549 1052 626 Iterum
1074 549 1113 620 de
1130 549 1313 635 puerperis.

326 725 459 808 Mulier,
495 746 576 811 quae
609 728 750 813 peperit,
787 732 850 795 stet
883 733 971 796 extra
1002 727 1114 796 locum
1131 749 1256 796 sacrum
1282 711 1358 814 qua.

235 833 382 914 draginta
416 833 500 918 dies,
547 834 576 920 si
606 834 711 918 infans
736 839 795 920 ¹est
829 835 1006 918 masculus,
1050 835 1214 918 octoginta
1247 835 1275 902 si
1310 840 1360 901 est

236 939 351 1024 puella.
395 940 433 1006 Si
457 941 555 1008 intrat
573 935 615 1007 'in
641 941 825 1026 ecclesiam,
860 949 930 1009 oret
960 964 1029 1010 eum
1062 941 1293 1010 catechumenis
1325 949 1359 1010 et

230 1048 384 1135 gravidis,
417 1047 479 1138 hoe
502 1049 570 1132 fiat,
593 1070 633 1116 ne
655 1070 712 1136 per
736 1054 839 1117 totam
858 1047 958 1140 ,vitam
983 1049 1061 1118 foris
1085 1055 1357 1135 starecogantur.

161 1394 164 1399 f
236 1351 336 1419 XIX.
375 1343 485 1421 Genea
514 1353 768 1421 undevicesimus
793 1355 838 1421 de
868 1356 1098 1422 catechumenis
1129 1360 1160 1422 et
1182 1356 1222 1423 cle
1248 1357 1360 1422 ordine

603 1478 709 1562 Bapt
696 1479 779 1546 esme'
787 1484 825 1545 et
848 1473 985 1546 lllissec.
1160 1494 1162 1504 ’
1214 1503 1216 1507 ·

329 1681 356 1740 1.
394 1675 664 1758 (latecbumenus',
701 1677 754 1760 qui
789 1677 845 1756 (ab
876 1675 1072 1758 infidelibus)
1106 1683 1218 1761 eaptus
1254 1683 1286 1743 et
1318 1676 1361 1742 ad

235 1784 421 1868 martyrium
447 1786 619 1867 perductus
644 1791 834 1870 necatusque
858 1791 925 1866 est,
957 1785 1144 1871 priusquam
1168 1784 1359 1868 baptismum

235 1889 401 1974 reciperet,
428 1909 497 1956 eum
523 1891 657 1958 caeteris
682 1891 879 1978 martyribus
901 1891 1080 1976 sepeliatur,
1106 1897 1155 1957 est
1177 1890 1260 1958 enim
1283 1889 1361 1974 bap·

236 1997 362 2064 tizatus
375 1999 509 2084 proprio
530 1999 693 2081 sanguine.
1261 2019 1265 2026 ·

293 2127 357 2188 2
391 2123 643 2191 Ceteehumenus
668 2123 834 2209 Baptismo
867 2121 1057 2205 initiandus,
1097 2121 1124 2188 si
1155 2121 1228 2188 ab
1219 2122 1272 2204 ris,
1307 2121 1363 2243 qui

238 2251 309 2296 eum
333 2233 512 2312 adducunt,
549 2235 632 2296 bono
656 2231 839 2296 testimonio
864 2229 1046 2296 commende
1049 2236 1118 2311 tur,
1156 2228 1226 2312 (si
1217 2227 1362 2313 inprimis

238 2360 313 2403 oons
315 2337 392 2421 tat),
426 2357 496 2404 eum
522 2337 577 2402 illo
601 2345 762 2422 tempore,
797 2359 858 2421 quo
883 2337 1071 2405 catechesi'
1062 2358 1111 2402 ms
1112 2339 1321 2418 truebatur,
1312 2361 1360 2403 m·

237 2447 346 2510 firmos
369 2443 532 2527 visitasse,
566 2449 597 2511 et
621 2445 741 2512 debiles
773 2450 965 2527 sustentasse
996 2465 1101 2529 seque·
1115 2442 1156 2509 ab
1180 2441 1266 2509 omni
1288 2464 1362 2527 per·

237 2572 328 2638 verso
368 2571 514 2620 sermone
560 2552 754 2635 custodisse,
802 2551 913 2618 laudes
957 2551 1046 2635 (deo)
1095 2550 1260 2632 cecinisse,
1307 2549 1362 2617 ad·

238 2659 403 2744 mittatur,
442 2660 620 2745 inquiratur
654 2667 760 2726 tamen
791 2666 969 2746 praeterea,
1008 2681 1083 2725 num
1115 2657 1218 2725 oderit
1245 2677 1360 2724 vanam

237 2765 390 2850 gloriam,
403 2790 477 2870 num
493 2775 676 2836 contemnat
687 2771 878 2855 superbiam,
890 2769 1018 2866 sibique
1031 2767 1126 2866 eligat
1137 2766 1362 2832 bumilitatem.

333 2898 361 2959 3.
396 2892 519 2960 Deinde
554 2895 743 2960 confiteatur
778 2895 964 2979 Episcopo,
1000 2893 1074 2960 huic
1118 2893 1199 2958 enim
1223 2889 1291 2973 soli
1322 2892 1364 2958 de

236 2998 305 3084 ipso
340 3007 389 3068 est
419 3001 605 3086 impositum
639 3023 718 3068 onus
751 3001 1089 3086 (responsabilitetis),
1125 3009 1160 3068 ut
1182 3000 1363 3086 Episcopus

238 3128 320 3172 eum
341 3108 498 3194 adprobet
529 3110 719 3195 dignumque
750 3109 881 3193 hebeat,
915 3110 967 3194 qui
991 3110 1116 3176 fruatur
1144 3107 1360 3190 sacrementis,

234 3218 301 3301 jam
327 3219 408 3282 enim
432 3216 536 3284 factus
560 3223 608 3282 est
631 3239 730 3302 purus
753 3217 784 3281 in
810 3217 954 3284 veritate.
1016 3287 1018 3294 ,
1148 3283 1151 3292 Α

327 3348 358 3408 4.
394 3343 512 3410 P‘ostea
534 3341 657 3426 legatur
681 3364 774 3428 super
791 3365 860 3408 eum
878 3331 1083 3427 Evangeliurn
1100 3338 1184 3407 illius
1207 3339 1362 3425 temporis

238 3457 271 3517 et
294 3449 462 3534 aliquoties
486 3451 698 3534 interrogetur
722 3449 933 3520 ita:,·Nonne
956 3471 990 3516 es
1014 3448 1147 3536 duplicis
1170 3447 1286 3530 cordis,
1311 3449 1362 3514 vel

238 3558 344 3643 aliqua
379 3577 475 3623 eausa
511 3557 648 3638 litigiosa
679 3565 710 3624 te
743 3556 926 3624 disturbat?
978 3557 1048 3634 Non
1080 3557 1165 3624 enim
1199 3554 1287 3636 lieet,
1325 3560 1362 3628 ut

238 3664 353 3750 aliquis
385 3685 482 3748 regno
514 3665 676 3732 coelorum
700 3665 827 3747 illudat,
854 3665 982 3750 quando
1006 3665 1085 3730 enim
1111 3663 1242 3742 advenit
1266 3659 1361 3752 (illud

238 3773 397 3857 regnum),
430 3793 466 3839 ex
490 3773 634 3842 omnibus
657 3773 804 3840 cordibus
828 3793 939 3842 eorum
970 3772 1063 3859 pellit
1082 3772 1177 3858 (quae
1199 3768 1362 3842 contraria

238 3888 312 3948 sunt
334 3881 410 3948 fidei
434 3887 466 3948 et
489 3880 580 3948 bonis
603 3880 806 3965 moribus)
877 3945 891 3960 ,,

334 3995 363 4056 5.
400 3989 460 4070 Qui
483 3995 587 4071 autem
607 3990 813 4075 baptizandi
819 3995 901 4072 sunt,
926 3989 1004 4056 seria
1021 3988 1130 4074 quinta
1152 3945 1361 4068 hebdomadis

237 4098 380 4166 laventur
344 4118 488 4184 oraque
512 4097 760 4184 (eommuni)et
746 4099 926 4167 tretieiunt
913 4105 976 4165 tur
1023 4097 1118 4164 Ferie
1134 4093 1244 4163 aulem
1268 4100 1359 4164 sexta
