3068 4758
257 470 299 550 ’68

255 643 458 748 Episcopo
446 646 517 747 ipsi
516 661 732 748 porrigatur.
779 658 998 727 Subdiaoonus
1028 661 1198 728 secundum
1222 649 1306 726 huno
1329 677 1379 726 or·

256 769 363 837 dinem
387 768 653 855 (promoveatur),
683 781 787 854 neque
818 769 978 836 ordinetur
1001 769 1153 837 caelebs.
1182 769 1217 837 Si
1241 774 1289 835 est
1312 767 1380 834 sine

256 897 354 944 uxore
378 877 454 962 (non
474 875 672 960 ordinetur),
704 876 765 942 nisi
787 881 955 980 postquam
978 877 1197 944 testimonium
1226 897 1287 960 pro
1310 875 1380 959 ipso

253 985 431 1052 ‘exhibitum
463 985 505 1052 sit
534 987 578 1054 ad
608 990 731 1052 contest
718 984 929 1086 tandam't
882 1007 912 1050 ιιι
914 991 968 1052 ιισ
949 985 1046 1068 gritat
1047 1007 1096 1051 em
1128 988 1195 1070 ejus
1227 983 1379 1050 avicinis

253 1079 366 1178 ipsius,
390 1094 437 1158 ita
459 1096 495 1158 ut
517 1097 640 1189 certum
663 1091 715 1173 sit,
752 1111 823 1156 eum
848 1111 869 1158 a
891 1099 1022 1176 corrupt
1023 1091 1097 1157 ione
1119 1089 1259 1156 alienum
1282 1089 1379 1156 fuisse

224 1221 294 1284 ,eo
325 1205 484 1284 tempore,
523 1221 587 1286 quo
618 1199 663 1266 ibi
694 1197 871 1266 habitabat.
926 1198 1037 1284 Neque
1068 1199 1162 1265 alicui
1196 1197 1340 1284 imponat
1342 1219 1380 1264 ur

256 1327 369 1376 manus
391 1314 543 1393 tauquam
568 1307 681 1374 caelibi
704 1307 766 1391 (pr.
779 1307 919 1392 virgini),
943 1307 1003 1373 nisr
994 1306 1147 1392 quando
1163 1306 1287 1377 adt
1220 1313 1287 1372 mat
1288 1327 1379 1372 uram

251 1422 413 1485 staturam
435 1419 608 1503 perductus
633 1436 692 1501 pro
715 1415 803 1481 iideli
825 1415 962 1482 habetur
990 1421 1022 1482 et
1053 1413 1165 1498 (bono)
1198 1415 1380 1481 testimonio

253 1522 509 1616 'commendatus
523 1529 581 1591 est.
629 1522 848 1590 subdiaconus
872 1528 904 1590 et
928 1525 1143 1607 Anagnostes,
1169 1521 1296 1607 quando
1319 1523 1381 1588 soli

257 1637 369 1716 orant,
406 1635 581 1700 consistant
610 1631 643 1700 in
669 1616 970 1717 posterior-spara
1002 1631 1203 1717 (presbyterii
1213 1630 1267 1715 ?);
1305 1633 1382 1697 sub·

256 1739 409 1809 diaconus
433 1746 540 1808 autem
563 1739 682 1809 serviat
705 1758 813 1807 coram
837 1738 968 1825 populo.
1371 1750 1375 1758 “

253 2038 257 2046 ’
325 2035 426 2134 VIII.
464 2035 576 2130 anoo
605 2035 734 2150 octonas
759 2041 1080 2173 ‘depchuriemctibcs
1112 2027 1317 2129 sanctionis
1362 2034 1367 2046 ⁸

249 2279 251 2284 ’
347 2259 382 2328 st
404 2258 476 2345 quis
499 2257 687 2344 petitionem
710 2258 845 2345 porrigit
869 2258 1074 2345 (Episcopo),
1107 2279 1188 2344 quae
1211 2258 1252 2325 ad
1278 2259 1380 2345 ipsius

167 2390 174 2400 ·
251 2365 494 2436 ordinationem
527 2367 667 2452 pertinet
711 2367 786 2451 (hac
818 2366 942 2434 ratione
965 2365 1126 2450 confisus),
1162 2366 1249 2452 quod
1282 2361 1378 2434 dicit:

136 2562 139 2568 ,
258 2475 381 2541 Nactus
403 2492 472 2540 sum
497 2473 656 2542 charisma
678 2473 868 2555 sanationis,
898 2495 961 2541 nou
983 2473 1072 2559 prius
1096 2473 1260 2542 ordinetur
1282 2491 1381 2560 quam

251 2580 433 2686 'clarescat
467 2581 628 2667 quomodo
651 2602 690 2648 ea
721 2581 817 2667 (quae
840 2580 880 2648 de
902 2581 960 2648 tali
982 2581 1172 2664 charismate
1202 2582 1381 2667 praedicat)

258 2698 448 2775 comparata
471 2693 545 2758 sint.
579 2689 731 2775 Inprimis
755 2688 977 2775 inquirendum
1002 2696 1064 2773 est,
1089 2711 1164 2758 num
1188 2692 1381 2773 sanationes,

249 2815 342 2884 ³quae
365 2819 424 2884 per
448 2818 518 2866 eum
541 2800 635 2882 fiunt,
659 2819 771 2866 revera
794 2819 815 2865 a
836 2798 906 2867 Deo
929 2797 1073 2866 denvent
1059 2805 1122 2866 tur.

252 2947 255 2954 ¹
349 2921 531 3006 [Sacerdos
556 2925 646 3012 eujus
667 2943 749 2991 uxor
771 2922 903 3008 peperit,
928 2944 991 2990 non
1015 2944 1147 3008 segrege
1148 2921 1228 3008 tun]
1358 2931 1360 2938 “

228 3178 385 3328 1Χ.
370 3224 479 3294 Ooaoa
507 3245 618 3294 cocae.
671 3225 747 3294 Noc
780 3225 889 3293 dacae
925 3225 1132 3317 (sacerdotes)
1168 3225 1315 3296 babitare
1347 3229 1385 3296 ia

482 3351 561 3418 tocie
582 3350 708 3419 alienis.
755 3350 808 3419 De
829 3351 1027 3420 decorandis
1048 3352 1167 3421 vidais.
1259 3391 1262 3400 ·

253 3591 258 3604 ·
320 3540 323 3546 ’
351 3545 392 3620 Si.
406 3551 577 3633 presbyter
600 3545 655 3633 (ab
678 3545 812 3616 eeclesia
834 3547 906 3632 sua)
937 3549 1017 3616 abit¹
1032 3555 1065 3617 et
1086 3550 1119 3618 in
1141 3549 1213 3620 loco
1235 3550 1297 3636 ipsi
1320 3571 1385 3622 non

261 3653 415 3740 deputato
450 3651 596 3720 habitare
628 3653 713 3737 vult,
748 3652 851 3734 clerus
881 3654 976 3742 hujus
1009 3655 1072 3722 loci
1102 3659 1145 3724 ad
1167 3657 1385 3742 recipiendum

262 3764 399 3832 eundem
423 3779 539 3847 pronus
562 3761 806 3846 (testimonium)
831 3769 963 3848 expetat
978 3763 1019 3831 ab
1034 3763 1194 3850 Episcopo
1218 3765 1384 3835 ordinario

259 3866 331 3957 'ejus
355 3861 422 3954 (ιιι.
440 3863 547 3936 throni
571 3869 671 3956 ejus),
703 3891 743 3937 ne
766 3867 900 3938 forsitan
927 3855 1064 3958 »propter
1091 3863 1230 3956 aliquam
1254 3855 1383 3940 causam

262 3976 381 4061 (minus
403 3975 584 4061 honestam)
607 3977 640 4044 in
663 3975 771 4062 fugam
795 3971 966 4047 conversus
982 3980 1033 4046 sit.
1073 3979 1193 4059 Quodsi
1208 4002 1283 4048 sero
1307 3985 1384 4049 urbs
1464 3991 1466 3996 “

263 4088 331 4172 ejus
344 4075 475 4170 (patria)
498 4084 629 4152 nimium
645 4085 761 4173 distat3
786 4087 992 4170 examinetur,
1010 4087 1036 4154 si
1052 4075 1230 4156 eruditione
1253 4089 1384 4175 quidem
1520 4153 1521 4168 ,

252 4191 451 4263 ‘scholastica
475 4200 605 4264 ornatus
627 4201 694 4280 est,
726 4202 870 4265 attamen
893 4218 932 4266 ea
954 4185 1060 4281 caret,
1094 4215 1176 4282 quae
1198 4199 1383 4268 sacerdotes
