<?xml version="1.0" encoding="UTF-8"?>
<!DOCTYPE html PUBLIC "-//W3C//DTD XHTML 1.0 Transitional//EN"
    "http://www.w3.org/TR/xhtml1/DTD/xhtml1-transitional.dtd">
<html xmlns="http://www.w3.org/1999/xhtml" xml:lang="en" lang="en">
 <head>
  <title>
</title>
<meta http-equiv="Content-Type" content="text/html;charset=utf-8" />
  <meta name='ocr-system' content='tesseract 3.04.00' />
  <meta name='ocr-capabilities' content='ocr_page ocr_carea ocr_par ocr_line ocrx_word'/>
</head>
<body>
  <div class='ocr_page' id='page_1' title='image "./canonesshippoly00hanegoog_0129.png"; bbox 0 0 3068 4758; ppageno 0'>
   <div class='ocr_carea' id='block_1_1' title="bbox 226 381 289 444">
    <p class='ocr_par' dir='ltr' id='par_1_1' title="bbox 226 381 289 444">
     <span class='ocr_line' id='line_1_1' title="bbox 226 381 289 444; baseline 0.016 -1"><span class='ocrx_word' id='word_1_1' title='bbox 226 381 289 444; x_wconf 83' lang='lat'><strong>122</strong></span> 
     </span>
    </p>
   </div>
   <div class='ocr_carea' id='block_1_2' title="bbox 220 540 1348 1013">
    <p class='ocr_par' dir='ltr' id='par_1_2' title="bbox 220 540 1348 1013">
     <span class='ocr_line' id='line_1_2' title="bbox 313 540 1347 638; baseline -0.002 -18"><span class='ocrx_word' id='word_1_2' title='bbox 313 549 472 622; x_wconf 87' lang='lat' dir='ltr'>XXXII.</span> <span class='ocrx_word' id='word_1_3' title='bbox 517 555 567 622; x_wconf 88' lang='lat' dir='ltr'><strong>Dc</strong></span> <span class='ocrx_word' id='word_1_4' title='bbox 595 555 751 638; x_wconf 77' lang='lat' dir='ltr'><strong>uirginum</strong></span> <span class='ocrx_word' id='word_1_5' title='bbox 783 561 813 620; x_wconf 91' lang='lat' dir='ltr'><strong>et</strong></span> <span class='ocrx_word' id='word_1_6' title='bbox 824 540 836 592; x_wconf 62' lang='lat'><em>7</em></span> <span class='ocrx_word' id='word_1_7' title='bbox 845 555 1009 620; x_wconf 90' lang='lat' dir='ltr'><strong>viduarum</strong></span> <span class='ocrx_word' id='word_1_8' title='bbox 1037 553 1274 638; x_wconf 87' lang='lat' dir='ltr'><strong>devotionibus,</strong></span> <span class='ocrx_word' id='word_1_9' title='bbox 1307 553 1347 618; x_wconf 90' lang='lat' dir='ltr'><strong>de</strong></span> 
     </span>
     <span class='ocr_line' id='line_1_3' title="bbox 220 675 1348 766; baseline -0.001 -21"><span class='ocrx_word' id='word_1_10' title='bbox 220 680 349 766; x_wconf 86' lang='lat' dir='ltr'><strong>jejuniis</strong></span> <span class='ocrx_word' id='word_1_11' title='bbox 373 677 561 746; x_wconf 83' lang='lat' dir='ltr'><strong>voluntariis</strong></span> <span class='ocrx_word' id='word_1_12' title='bbox 590 675 776 744; x_wconf 86' lang='lat' dir='ltr'><strong>clericorum</strong></span> <span class='ocrx_word' id='word_1_13' title='bbox 801 677 917 743; x_wconf 84' lang='lat' dir='ltr'><strong>similia</strong></span> <span class='ocrx_word' id='word_1_14' title='bbox 939 679 1036 744; x_wconf 89' lang='lat' dir='ltr'><strong>habet</strong></span> <span class='ocrx_word' id='word_1_15' title='bbox 1061 677 1241 744; x_wconf 83' lang='lat' dir='ltr'><strong>Didascalia</strong></span> <span class='ocrx_word' id='word_1_16' title='bbox 1266 679 1348 764; x_wconf 86' lang='lat' dir='ltr'><strong>Cop-</strong></span> 
     </span>
     <span class='ocr_line' id='line_1_4' title="bbox 223 784 1347 891; baseline 0 -21"><span class='ocrx_word' id='word_1_17' title='bbox 223 803 287 870; x_wconf 89' lang='lat' dir='ltr'><strong>tica</strong></span> <span class='ocrx_word' id='word_1_18' title='bbox 311 803 356 888; x_wconf 90' lang='lat' dir='ltr'><strong>(p.</strong></span> <span class='ocrx_word' id='word_1_19' title='bbox 375 802 539 891; x_wconf 29' lang='lat' dir='ltr'><strong>66),snisi</strong></span> <span class='ocrx_word' id='word_1_20' title='bbox 565 804 649 885; x_wconf 89' lang='lat' dir='ltr'><strong>quod</strong></span> <span class='ocrx_word' id='word_1_21' title='bbox 682 784 752 869; x_wconf 85' lang='lat' dir='ltr'><strong>cum</strong></span> <span class='ocrx_word' id='word_1_22' title='bbox 785 801 906 868; x_wconf 79' lang='lat' dir='ltr'><strong>clericis</strong></span> <span class='ocrx_word' id='word_1_23' title='bbox 931 803 1028 878; x_wconf 87' lang='lat' dir='ltr'><strong>etiam</strong></span> <span class='ocrx_word' id='word_1_24' title='bbox 1052 802 1140 871; x_wconf 89' lang='lat' dir='ltr'><strong>laicis</strong></span> <span class='ocrx_word' id='word_1_25' title='bbox 1165 804 1347 871; x_wconf 85' lang='lat' dir='ltr'><strong>conceditur</strong></span> 
     </span>
     <span class='ocr_line' id='line_1_5' title="bbox 226 906 1304 1013; baseline 0 -21"><span class='ocrx_word' id='word_1_26' title='bbox 226 927 326 994; x_wconf 89' lang='lat' dir='ltr'><strong>libera</strong></span> <span class='ocrx_word' id='word_1_27' title='bbox 349 926 483 994; x_wconf 79' lang='lat' dir='ltr'><strong>facultas</strong></span> <span class='ocrx_word' id='word_1_28' title='bbox 503 926 677 1013; x_wconf 84' lang='lat' dir='ltr'><strong>jejunandi.</strong></span> <span class='ocrx_word' id='word_1_29' title='bbox 1300 906 1304 910; x_wconf 27' lang='lat'>⁸</span> 
     </span>
    </p>
   </div>
   <div class='ocr_carea' id='block_1_3' title="bbox 223 1087 1407 1324">
    <p class='ocr_par' dir='ltr' id='par_1_3' title="bbox 223 1087 1407 1324">
     <span class='ocr_line' id='line_1_6' title="bbox 315 1087 1407 1192; baseline 0.001 -39"><span class='ocrx_word' id='word_1_30' title='bbox 315 1090 403 1167; x_wconf 84' lang='lat' dir='ltr'><strong>Quae</strong></span> <span class='ocrx_word' id='word_1_31' title='bbox 422 1094 590 1155; x_wconf 87' lang='lat' dir='ltr'><strong>monentur</strong></span> <span class='ocrx_word' id='word_1_32' title='bbox 609 1087 647 1152; x_wconf 91' lang='lat' dir='ltr'><strong>de</strong></span> <span class='ocrx_word' id='word_1_33' title='bbox 664 1087 856 1154; x_wconf 86' lang='lat' dir='ltr'><strong>reservanda</strong></span> <span class='ocrx_word' id='word_1_34' title='bbox 873 1087 1077 1172; x_wconf 84' lang='lat' dir='ltr'><strong>eleemosyna</strong></span> <span class='ocrx_word' id='word_1_35' title='bbox 1091 1087 1123 1160; x_wconf 90' lang='lat' dir='ltr'><strong>in</strong></span> <span class='ocrx_word' id='word_1_36' title='bbox 1136 1091 1298 1171; x_wconf 89' lang='lat' dir='ltr'><strong>posterum</strong></span> <span class='ocrx_word' id='word_1_37' title='bbox 1317 1093 1349 1155; x_wconf 89' lang='lat' dir='ltr'><strong>et</strong></span> <span class='ocrx_word' id='word_1_38' title='bbox 1400 1177 1407 1192; x_wconf 39' lang='lat'><strong>·</strong></span> 
     </span>
     <span class='ocr_line' id='line_1_7' title="bbox 223 1209 1348 1324; baseline -0.007 -26"><span class='ocrx_word' id='word_1_39' title='bbox 223 1230 350 1298; x_wconf 89' lang='lat' dir='ltr'><strong>tertium</strong></span> <span class='ocrx_word' id='word_1_40' title='bbox 372 1229 466 1310; x_wconf 87' lang='lat' dir='ltr'><strong>diem,</strong></span> <span class='ocrx_word' id='word_1_41' title='bbox 485 1232 618 1294; x_wconf 89' lang='lat' dir='ltr'><strong>obscura</strong></span> <span class='ocrx_word' id='word_1_42' title='bbox 641 1232 722 1292; x_wconf 83' lang='lat' dir='ltr'><strong>sunt</strong></span> <span class='ocrx_word' id='word_1_43' title='bbox 759 1226 850 1306; x_wconf 83' lang='lat' dir='ltr'><strong>Quod</strong></span> <span class='ocrx_word' id='word_1_44' title='bbox 867 1226 904 1291; x_wconf 87' lang='lat' dir='ltr'><strong>de</strong></span> <span class='ocrx_word' id='word_1_45' title='bbox 925 1225 1115 1308; x_wconf 77' lang='lat' dir='ltr'><strong>negligentia</strong></span> <span class='ocrx_word' id='word_1_46' title='bbox 1139 1209 1264 1324; x_wconf 42' lang='grc' dir='ltr'>(ἐφ’)</span> <span class='ocrx_word' id='word_1_47' title='bbox 1293 1227 1348 1293; x_wconf 87' lang='lat' dir='ltr'><strong>ad·</strong></span> 
     </span>
    </p>
   </div>
   <div class='ocr_carea' id='block_1_4' title="bbox 166 1364 1388 1829">
    <p class='ocr_par' dir='ltr' id='par_1_4' title="bbox 166 1364 1388 1829">
     <span class='ocr_line' id='line_1_8' title="bbox 166 1364 1388 1454; baseline 0.002 -20"><span class='ocrx_word' id='word_1_48' title='bbox 166 1426 169 1434; x_wconf 83' lang='lat'>.</span> <span class='ocrx_word' id='word_1_49' title='bbox 226 1371 320 1452; x_wconf 90' lang='lat' dir='ltr'><strong>ditur,</strong></span> <span class='ocrx_word' id='word_1_50' title='bbox 346 1392 382 1436; x_wconf 89' lang='lat' dir='ltr'><strong>eo</strong></span> <span class='ocrx_word' id='word_1_51' title='bbox 401 1369 532 1436; x_wconf 89' lang='lat' dir='ltr'><strong>consilio</strong></span> <span class='ocrx_word' id='word_1_52' title='bbox 558 1371 678 1436; x_wconf 85' lang='lat' dir='ltr'><strong>dictum</strong></span> <span class='ocrx_word' id='word_1_53' title='bbox 695 1391 762 1436; x_wconf 89' lang='lat' dir='ltr'><strong>esse</strong></span> <span class='ocrx_word' id='word_1_54' title='bbox 779 1369 911 1449; x_wconf 83' lang='lat' dir='ltr'><strong>videtur,</strong></span> <span class='ocrx_word' id='word_1_55' title='bbox 937 1366 974 1434; x_wconf 86' lang='lat' dir='ltr'><strong>ut</strong></span> <span class='ocrx_word' id='word_1_56' title='bbox 989 1364 1190 1454; x_wconf 78' lang='lat' dir='ltr'><strong>eleemosyna¹</strong></span> <span class='ocrx_word' id='word_1_57' title='bbox 1202 1369 1349 1436; x_wconf 89' lang='lat' dir='ltr'><strong>celeriter</strong></span> <span class='ocrx_word' id='word_1_58' title='bbox 1379 1381 1388 1396; x_wconf 85' lang='grc'><strong>“</strong></span> 
     </span>
     <span class='ocr_line' id='line_1_9' title="bbox 227 1483 1347 1579; baseline 0.004 -21"><span class='ocrx_word' id='word_1_59' title='bbox 227 1494 439 1579; x_wconf 88' lang='lat' dir='ltr'><strong>dispertiatur.</strong></span> <span class='ocrx_word' id='word_1_60' title='bbox 494 1483 674 1560; x_wconf 86' lang='lat' dir='ltr'><strong>Didascalia</strong></span> <span class='ocrx_word' id='word_1_61' title='bbox 704 1496 845 1578; x_wconf 88' lang='lat' dir='ltr'><strong>coptica,</strong></span> <span class='ocrx_word' id='word_1_62' title='bbox 881 1514 1071 1577; x_wconf 90' lang='lat' dir='ltr'><strong>quamquam</strong></span> <span class='ocrx_word' id='word_1_63' title='bbox 1107 1492 1179 1560; x_wconf 93' lang='lat' dir='ltr'><strong>loco</strong></span> <span class='ocrx_word' id='word_1_64' title='bbox 1214 1496 1347 1562; x_wconf 88' lang='lat' dir='ltr'><strong>laudato</strong></span> 
     </span>
     <span class='ocr_line' id='line_1_10' title="bbox 227 1603 1345 1703; baseline 0 -19"><span class='ocrx_word' id='word_1_65' title='bbox 227 1617 270 1703; x_wconf 89' lang='lat' dir='ltr'><strong>(p.</strong></span> <span class='ocrx_word' id='word_1_66' title='bbox 291 1618 346 1702; x_wconf 88' lang='grc'><strong>68)</strong></span> <span class='ocrx_word' id='word_1_67' title='bbox 371 1619 411 1684; x_wconf 92' lang='lat' dir='ltr'><strong>de</strong></span> <span class='ocrx_word' id='word_1_68' title='bbox 434 1619 544 1703; x_wconf 85' lang='lat' dir='ltr'><strong>agapis</strong></span> <span class='ocrx_word' id='word_1_69' title='bbox 568 1626 699 1701; x_wconf 87' lang='lat' dir='ltr'><strong>tractet,</strong></span> <span class='ocrx_word' id='word_1_70' title='bbox 724 1619 763 1684; x_wconf 90' lang='lat' dir='ltr'><strong>de</strong></span> <span class='ocrx_word' id='word_1_71' title='bbox 778 1603 941 1686; x_wconf 85' lang='lat' dir='ltr'><strong>reservata</strong></span> <span class='ocrx_word' id='word_1_72' title='bbox 961 1619 993 1682; x_wconf 91' lang='lat' dir='ltr'><strong>in</strong></span> <span class='ocrx_word' id='word_1_73' title='bbox 1009 1619 1144 1684; x_wconf 88' lang='lat' dir='ltr'><strong>alterum</strong></span> <span class='ocrx_word' id='word_1_74' title='bbox 1169 1628 1201 1684; x_wconf 89' lang='lat' dir='ltr'><strong>et</strong></span> <span class='ocrx_word' id='word_1_75' title='bbox 1216 1620 1345 1685; x_wconf 90' lang='lat' dir='ltr'><strong>tertium</strong></span> 
     </span>
     <span class='ocr_line' id='line_1_11' title="bbox 224 1741 766 1829; baseline 0.004 -21"><span class='ocrx_word' id='word_1_76' title='bbox 224 1741 309 1808; x_wconf 89' lang='lat' dir='ltr'><strong>diem</strong></span> <span class='ocrx_word' id='word_1_77' title='bbox 334 1745 534 1829; x_wconf 85' lang='lat' dir='ltr'><strong>eleemosyna</strong></span> <span class='ocrx_word' id='word_1_78' title='bbox 559 1743 636 1808; x_wconf 91' lang='lat' dir='ltr'><strong>nihil</strong></span> <span class='ocrx_word' id='word_1_79' title='bbox 658 1744 766 1810; x_wconf 87' lang='lat' dir='ltr'><strong>habet.</strong></span> 
     </span>
    </p>
   </div>
   <div class='ocr_carea' id='block_1_5' title="bbox 227 1885 1347 2113">
    <p class='ocr_par' dir='ltr' id='par_1_5' title="bbox 227 1885 1347 2113">
     <span class='ocr_line' id='line_1_12' title="bbox 315 1885 1347 2014; baseline 0 -46"><span class='ocrx_word' id='word_1_80' title='bbox 315 1903 465 1969; x_wconf 82' lang='lat' dir='ltr'><strong>Forsitan</strong></span> <span class='ocrx_word' id='word_1_81' title='bbox 488 1903 549 1972; x_wconf 90' lang='lat' dir='ltr'><strong>hoo</strong></span> <span class='ocrx_word' id='word_1_82' title='bbox 583 1903 652 1970; x_wconf 90' lang='lat' dir='ltr'><strong>loco</strong></span> <span class='ocrx_word' id='word_1_83' title='bbox 682 1885 787 2014; x_wconf 60' lang='lat' dir='ltr'><strong>,pi-,³53</strong></span> <span class='ocrx_word' id='word_1_84' title='bbox 814 1925 877 1979; x_wconf 85' lang='lat' dir='ltr'><strong>non</strong></span> <span class='ocrx_word' id='word_1_85' title='bbox 913 1903 1164 1984; x_wconf 84' lang='lat' dir='ltr'><strong>eucharisticam,</strong></span> <span class='ocrx_word' id='word_1_86' title='bbox 1200 1903 1255 1967; x_wconf 88' lang='lat' dir='ltr'><strong>sed</strong></span> <span class='ocrx_word' id='word_1_87' title='bbox 1279 1905 1347 1968; x_wconf 90' lang='lat' dir='ltr'><strong>vul·</strong></span> 
     </span>
     <span class='ocr_line' id='line_1_13' title="bbox 227 2027 1347 2113; baseline 0.001 -21"><span class='ocrx_word' id='word_1_88' title='bbox 227 2047 334 2111; x_wconf 85' lang='lat' dir='ltr'><strong>garam</strong></span> <span class='ocrx_word' id='word_1_89' title='bbox 376 2027 589 2111; x_wconf 89' lang='lat' dir='ltr'><strong>oblationem,</strong></span> <span class='ocrx_word' id='word_1_90' title='bbox 638 2029 831 2113; x_wconf 88' lang='lat' dir='ltr'><strong>pauperibus</strong></span> <span class='ocrx_word' id='word_1_91' title='bbox 870 2027 1141 2110; x_wconf 85' lang='lat' dir='ltr'><strong>distribuendam,</strong></span> <span class='ocrx_word' id='word_1_92' title='bbox 1181 2027 1347 2108; x_wconf 87' lang='lat' dir='ltr'><strong>significat.</strong></span> 
     </span>
    </p>
   </div>
   <div class='ocr_carea' id='block_1_6' title="bbox 173 2150 1478 2772">
    <p class='ocr_par' dir='ltr' id='par_1_6' title="bbox 173 2150 1478 2772">
     <span class='ocr_line' id='line_1_14' title="bbox 226 2150 1478 2278; baseline 0.002 -45"><span class='ocrx_word' id='word_1_93' title='bbox 226 2150 392 2278; x_wconf 41' lang='lat' dir='ltr'><strong>&amp;lap-15</strong></span> <span class='ocrx_word' id='word_1_94' title='bbox 427 2171 565 2256; x_wconf 63' lang='grc' dir='ltr'><strong><em>κυριακῇ</em></strong></span> <span class='ocrx_word' id='word_1_95' title='bbox 601 2172 670 2238; x_wconf 72' lang='lat' dir='ltr'><strong>hoc&#39;</strong></span> <span class='ocrx_word' id='word_1_96' title='bbox 700 2171 770 2237; x_wconf 95' lang='lat' dir='ltr'><strong>loco</strong></span> <span class='ocrx_word' id='word_1_97' title='bbox 809 2171 919 2238; x_wconf 87' lang='lat' dir='ltr'><strong>eodem</strong></span> <span class='ocrx_word' id='word_1_98' title='bbox 964 2171 1060 2238; x_wconf 92' lang='lat' dir='ltr'><strong>modo</strong></span> <span class='ocrx_word' id='word_1_99' title='bbox 1097 2171 1129 2236; x_wconf 95' lang='lat' dir='ltr'><strong>in</strong></span> <span class='ocrx_word' id='word_1_100' title='bbox 1167 2169 1348 2236; x_wconf 87' lang='lat' dir='ltr'><strong>accusativo</strong></span> <span class='ocrx_word' id='word_1_101' title='bbox 1474 2185 1478 2200; x_wconf 79' lang='grc'><strong>“</strong></span> 
     </span>
     <span class='ocr_line' id='line_1_15' title="bbox 222 2297 1349 2409; baseline 0.001 -33"><span class='ocrx_word' id='word_1_102' title='bbox 222 2312 359 2396; x_wconf 88' lang='lat' dir='ltr'><strong>ponitur,</strong></span> <span class='ocrx_word' id='word_1_103' title='bbox 384 2313 473 2379; x_wconf 92' lang='lat' dir='ltr'><strong>utin</strong></span> <span class='ocrx_word' id='word_1_104' title='bbox 497 2313 723 2382; x_wconf 86' lang='lat' dir='ltr'><strong>recentioribus</strong></span> <span class='ocrx_word' id='word_1_105' title='bbox 747 2313 882 2394; x_wconf 89' lang='lat' dir='ltr'><strong>liturgiis</strong></span> <span class='ocrx_word' id='word_1_106' title='bbox 907 2313 1042 2379; x_wconf 89' lang='lat' dir='ltr'><strong>arabicis</strong></span> <span class='ocrx_word' id='word_1_107' title='bbox 1074 2297 1196 2409; x_wconf 76' lang='grc' dir='ltr'><strong>9μό1</strong></span> <span class='ocrx_word' id='word_1_108' title='bbox 1228 2313 1349 2395; x_wconf 66' lang='lat' dir='ltr'><strong>efsdatn</strong></span> 
     </span>
     <span class='ocr_line' id='line_1_16' title="bbox 173 2427 1360 2524; baseline 0 -24"><span class='ocrx_word' id='word_1_109' title='bbox 173 2499 180 2524; x_wconf 66' lang='lat'><strong>,</strong></span> <span class='ocrx_word' id='word_1_110' title='bbox 221 2457 280 2520; x_wconf 91' lang='lat' dir='ltr'><strong>pro</strong></span> <span class='ocrx_word' id='word_1_111' title='bbox 302 2427 393 2522; x_wconf 72' lang='grc' dir='ltr'><em>εὐχή.</em></span> <span class='ocrx_word' id='word_1_112' title='bbox 442 2436 534 2514; x_wconf 82' lang='lat' dir='ltr'><strong>Quod</strong></span> <span class='ocrx_word' id='word_1_113' title='bbox 560 2457 717 2520; x_wconf 85' lang='lat' dir='ltr'><strong>pauperes</strong></span> <span class='ocrx_word' id='word_1_114' title='bbox 746 2441 896 2522; x_wconf 85' lang='lat' dir='ltr'><strong>jubentur</strong></span> <span class='ocrx_word' id='word_1_115' title='bbox 924 2437 1035 2502; x_wconf 87' lang='lat' dir='ltr'><strong>adesse</strong></span> <span class='ocrx_word' id='word_1_116' title='bbox 1058 2439 1099 2502; x_wconf 91' lang='lat' dir='ltr'><strong>ad</strong></span> <span class='ocrx_word' id='word_1_117' title='bbox 1124 2437 1360 2503; x_wconf 80' lang='lat' dir='ltr'><strong>eucharistiam·</strong></span> 
     </span>
     <span class='ocr_line' id='line_1_17' title="bbox 221 2561 1347 2646; baseline 0.001 -20"><span class='ocrx_word' id='word_1_118' title='bbox 221 2561 241 2627; x_wconf 92' lang='lat' dir='ltr'><strong>i.</strong></span> <span class='ocrx_word' id='word_1_119' title='bbox 251 2582 279 2626; x_wconf 90' lang='lat' dir='ltr'><strong>e.</strong></span> <span class='ocrx_word' id='word_1_120' title='bbox 302 2561 476 2640; x_wconf 84' lang='lat' dir='ltr'><strong>gratiarum</strong></span> <span class='ocrx_word' id='word_1_121' title='bbox 500 2563 658 2628; x_wconf 87' lang='lat' dir='ltr'><strong>actionem</strong></span> <span class='ocrx_word' id='word_1_122' title='bbox 675 2563 764 2628; x_wconf 83' lang='lat' dir='ltr'><strong>initio</strong></span> <span class='ocrx_word' id='word_1_123' title='bbox 781 2585 805 2627; x_wconf 91' lang='lat' dir='ltr'><strong>s.</strong></span> <span class='ocrx_word' id='word_1_124' title='bbox 823 2562 977 2643; x_wconf 87' lang='lat' dir='ltr'><strong>sacrificii,</strong></span> <span class='ocrx_word' id='word_1_125' title='bbox 996 2561 1184 2627; x_wconf 86' lang='lat' dir='ltr'><strong>¹testimonio</strong></span> <span class='ocrx_word' id='word_1_126' title='bbox 1201 2569 1257 2642; x_wconf 88' lang='lat' dir='ltr'><strong>est,</strong></span> <span class='ocrx_word' id='word_1_127' title='bbox 1279 2563 1347 2646; x_wconf 86' lang='lat' dir='ltr'><strong>jam</strong></span> 
     </span>
     <span class='ocr_line' id='line_1_18' title="bbox 221 2686 1346 2772; baseline 0 -20"><span class='ocrx_word' id='word_1_128' title='bbox 221 2693 288 2752; x_wconf 89' lang='lat' dir='ltr'><strong>tum</strong></span> <span class='ocrx_word' id='word_1_129' title='bbox 314 2686 436 2770; x_wconf 88' lang='lat' dir='ltr'><strong>aliquos</strong></span> <span class='ocrx_word' id='word_1_130' title='bbox 467 2707 624 2770; x_wconf 87' lang='lat' dir='ltr'><strong>pauperes</strong></span> <span class='ocrx_word' id='word_1_131' title='bbox 645 2709 763 2772; x_wconf 92' lang='lat' dir='ltr'><strong>pronos</strong></span> <span class='ocrx_word' id='word_1_132' title='bbox 786 2688 827 2752; x_wconf 88' lang='lat' dir='ltr'><strong>ad</strong></span> <span class='ocrx_word' id='word_1_133' title='bbox 850 2707 964 2772; x_wconf 87' lang='lat' dir='ltr'><strong>panem</strong></span> <span class='ocrx_word' id='word_1_134' title='bbox 990 2688 1191 2769; x_wconf 89' lang='lat' dir='ltr'><strong>lucrandum,</strong></span> <span class='ocrx_word' id='word_1_135' title='bbox 1215 2689 1346 2771; x_wconf 87' lang='lat' dir='ltr'><strong>pietatis</strong></span> 
     </span>
    </p>
   </div>
   <div class='ocr_carea' id='block_1_7' title="bbox 221 2811 1346 3022">
    <p class='ocr_par' dir='ltr' id='par_1_7' title="bbox 221 2811 1346 3022">
     <span class='ocr_line' id='line_1_19' title="bbox 223 2811 1346 2898; baseline 0 -20"><span class='ocrx_word' id='word_1_136' title='bbox 223 2811 334 2878; x_wconf 85' lang='lat' dir='ltr'><strong>officiis</strong></span> <span class='ocrx_word' id='word_1_137' title='bbox 367 2811 469 2878; x_wconf 90' lang='lat' dir='ltr'><strong>minus</strong></span> <span class='ocrx_word' id='word_1_138' title='bbox 501 2811 624 2879; x_wconf 89' lang='lat' dir='ltr'><strong>deditos</strong></span> <span class='ocrx_word' id='word_1_139' title='bbox 656 2813 765 2895; x_wconf 87' lang='lat' dir='ltr'><strong>fuisse,</strong></span> <span class='ocrx_word' id='word_1_140' title='bbox 800 2834 893 2898; x_wconf 89' lang='lat' dir='ltr'><strong>quam</strong></span> <span class='ocrx_word' id='word_1_141' title='bbox 925 2834 984 2898; x_wconf 90' lang='lat' dir='ltr'><strong>par</strong></span> <span class='ocrx_word' id='word_1_142' title='bbox 1016 2819 1161 2878; x_wconf 86' lang='lat' dir='ltr'><strong>erat-</strong></span> <span class='ocrx_word' id='word_1_143' title='bbox 1194 2813 1282 2891; x_wconf 85' lang='lat' dir='ltr'><strong>Quae</strong></span> <span class='ocrx_word' id='word_1_144' title='bbox 1306 2813 1346 2878; x_wconf 90' lang='lat' dir='ltr'><strong>de</strong></span> 
     </span>
     <span class='ocr_line' id='line_1_20' title="bbox 221 2935 1346 3022; baseline 0.001 -21"><span class='ocrx_word' id='word_1_145' title='bbox 221 2935 353 3003; x_wconf 89' lang='lat' dir='ltr'><strong>lucerna</strong></span> <span class='ocrx_word' id='word_1_146' title='bbox 376 2937 575 3004; x_wconf 87' lang='lat' dir='ltr'><strong>accendenda</strong></span> <span class='ocrx_word' id='word_1_147' title='bbox 595 2939 646 3005; x_wconf 89' lang='lat' dir='ltr'><strong>hic</strong></span> <span class='ocrx_word' id='word_1_148' title='bbox 663 2939 818 3020; x_wconf 89' lang='lat' dir='ltr'><strong>dicuntur,</strong></span> <span class='ocrx_word' id='word_1_149' title='bbox 844 2941 1062 3022; x_wconf 90' lang='lat' dir='ltr'><strong>comparanda</strong></span> <span class='ocrx_word' id='word_1_150' title='bbox 1085 2943 1157 3003; x_wconf 89' lang='lat' dir='ltr'><strong>sont</strong></span> <span class='ocrx_word' id='word_1_151' title='bbox 1181 2958 1248 3004; x_wconf 90' lang='lat' dir='ltr'><strong>cum</strong></span> <span class='ocrx_word' id='word_1_152' title='bbox 1275 2957 1346 3003; x_wconf 86' lang='lat' dir='ltr'><strong>ora·</strong></span> 
     </span>
    </p>
   </div>
   <div class='ocr_carea' id='block_1_8' title="bbox 226 3059 1344 3146">
    <p class='ocr_par' dir='ltr' id='par_1_8' title="bbox 226 3059 1344 3146">
     <span class='ocr_line' id='line_1_21' title="bbox 226 3059 1344 3146; baseline 0.001 -20"><span class='ocrx_word' id='word_1_153' title='bbox 226 3064 311 3128; x_wconf 90' lang='lat' dir='ltr'><strong>tione</strong></span> <span class='ocrx_word' id='word_1_154' title='bbox 334 3059 501 3142; x_wconf 89' lang='lat' dir='ltr'><strong>lucernali,</strong></span> <span class='ocrx_word' id='word_1_155' title='bbox 533 3082 615 3145; x_wconf 88' lang='lat' dir='ltr'><strong>qnae</strong></span> <span class='ocrx_word' id='word_1_156' title='bbox 647 3062 748 3126; x_wconf 88' lang='lat' dir='ltr'><strong>estin</strong></span> <span class='ocrx_word' id='word_1_157' title='bbox 775 3062 907 3128; x_wconf 82' lang='lat' dir='ltr'><strong>Constit.</strong></span> <span class='ocrx_word' id='word_1_158' title='bbox 934 3065 993 3146; x_wconf 86' lang='lat' dir='ltr'><strong>Ap.</strong></span> <span class='ocrx_word' id='word_1_159' title='bbox 1012 3062 1100 3128; x_wconf 86' lang='lat' dir='ltr'><strong>VlIl.</strong></span> <span class='ocrx_word' id='word_1_160' title='bbox 1125 3083 1149 3128; x_wconf 90' lang='lat' dir='ltr'><strong>c.</strong></span> <span class='ocrx_word' id='word_1_161' title='bbox 1170 3067 1211 3127; x_wconf 85' lang='lat'><strong>36</strong></span> <span class='ocrx_word' id='word_1_162' title='bbox 1235 3068 1268 3127; x_wconf 87' lang='lat' dir='ltr'><strong>et</strong></span> <span class='ocrx_word' id='word_1_163' title='bbox 1292 3067 1344 3128; x_wconf 83' lang='lat'><strong>37.</strong></span> 
     </span>
    </p>
   </div>
   <div class='ocr_carea' id='block_1_9' title="bbox 220 3305 1345 4143">
    <p class='ocr_par' dir='ltr' id='par_1_9' title="bbox 220 3305 1345 4143">
     <span class='ocr_line' id='line_1_22' title="bbox 310 3305 1345 3414; baseline 0.007 -25"><span class='ocrx_word' id='word_1_164' title='bbox 310 3322 492 3390; x_wconf 87' lang='lat' dir='ltr'>XXXIII.</span> <span class='ocrx_word' id='word_1_165' title='bbox 544 3305 702 3411; x_wconf 52' lang='lat' dir='ltr'><strong>Mlti</strong></span> <span class='ocrx_word' id='word_1_166' title='bbox 741 3326 818 3391; x_wconf 95' lang='lat' dir='ltr'><strong>nihil</strong></span> <span class='ocrx_word' id='word_1_167' title='bbox 857 3313 943 3391; x_wconf 84' lang='lat' dir='ltr'><strong>aliud</strong></span> <span class='ocrx_word' id='word_1_168' title='bbox 982 3349 1051 3393; x_wconf 88' lang='lat' dir='ltr'><strong>asse</strong></span> <span class='ocrx_word' id='word_1_169' title='bbox 1088 3333 1209 3412; x_wconf 87' lang='lat' dir='ltr'><strong>potest,</strong></span> <span class='ocrx_word' id='word_1_170' title='bbox 1249 3349 1345 3414; x_wconf 90' lang='lat' dir='ltr'><strong>qoam</strong></span> 
     </span>
     <span class='ocr_line' id='line_1_23' title="bbox 221 3437 1342 3538; baseline 0.007 -26"><span class='ocrx_word' id='word_1_171' title='bbox 221 3441 438 3538; x_wconf 70' lang='lat' dir='ltr'><strong>c’roc&#39;prpocg,</strong></span> <span class='ocrx_word' id='word_1_172' title='bbox 458 3453 744 3534; x_wconf 72' lang='lat' dir='ltr'><strong>commemoratio,</strong></span> <span class='ocrx_word' id='word_1_173' title='bbox 778 3473 969 3537; x_wconf 86' lang='lat' dir='ltr'><strong>quamquam</strong></span> <span class='ocrx_word' id='word_1_174' title='bbox 1002 3453 1035 3517; x_wconf 92' lang='lat' dir='ltr'><strong>in</strong></span> <span class='ocrx_word' id='word_1_175' title='bbox 1058 3453 1180 3534; x_wconf 88' lang='lat' dir='ltr'><strong>graecis</strong></span> <span class='ocrx_word' id='word_1_176' title='bbox 1211 3437 1342 3521; x_wconf 89' lang='lat' dir='ltr'><strong>Constit.</strong></span> 
     </span>
     <span class='ocr_line' id='line_1_24' title="bbox 222 3559 1344 3662; baseline 0.004 -22"><span class='ocrx_word' id='word_1_177' title='bbox 222 3575 282 3660; x_wconf 82' lang='lat' dir='ltr'><strong>Ap.</strong></span> <span class='ocrx_word' id='word_1_178' title='bbox 301 3575 386 3642; x_wconf 88' lang='lat' dir='ltr'>VIII.</span> <span class='ocrx_word' id='word_1_179' title='bbox 411 3597 437 3642; x_wconf 92' lang='lat' dir='ltr'><strong>c.</strong></span> <span class='ocrx_word' id='word_1_180' title='bbox 455 3581 496 3642; x_wconf 89' lang='grc'><strong>41</strong></span> <span class='ocrx_word' id='word_1_181' title='bbox 522 3588 553 3642; x_wconf 87' lang='lat' dir='ltr'><strong>et</strong></span> <span class='ocrx_word' id='word_1_182' title='bbox 578 3559 635 3658; x_wconf 81' lang='lat'><strong>42,</strong></span> <span class='ocrx_word' id='word_1_183' title='bbox 671 3579 789 3644; x_wconf 87' lang='lat' dir='ltr'><strong>ubido</strong></span> <span class='ocrx_word' id='word_1_184' title='bbox 814 3579 1114 3643; x_wconf 88' lang='lat' dir='ltr'><strong>commemoratione</strong></span> <span class='ocrx_word' id='word_1_185' title='bbox 1143 3577 1267 3662; x_wconf 74' lang='grc' dir='ltr'>(μνείᾳ)</span> <span class='ocrx_word' id='word_1_186' title='bbox 1293 3578 1344 3645; x_wconf 87' lang='lat' dir='ltr'><strong>de·</strong></span> 
     </span>
     <span class='ocr_line' id='line_1_25' title="bbox 221 3698 1343 3791; baseline 0.003 -24"><span class='ocrx_word' id='word_1_187' title='bbox 221 3704 398 3768; x_wconf 87' lang='lat' dir='ltr'><strong>functorum</strong></span> <span class='ocrx_word' id='word_1_188' title='bbox 423 3722 526 3767; x_wconf 89' lang='lat' dir='ltr'><strong>sermo</strong></span> <span class='ocrx_word' id='word_1_189' title='bbox 550 3713 616 3784; x_wconf 89' lang='lat' dir='ltr'><strong>est,</strong></span> <span class='ocrx_word' id='word_1_190' title='bbox 650 3698 836 3791; x_wconf 65' lang='grc' dir='ltr'><em>ἀνάμνησις</em></span> <span class='ocrx_word' id='word_1_191' title='bbox 858 3725 920 3769; x_wconf 94' lang='lat' dir='ltr'><strong>non</strong></span> <span class='ocrx_word' id='word_1_192' title='bbox 945 3712 1098 3770; x_wconf 87' lang='lat' dir='ltr'><strong>occurrat.</strong></span> <span class='ocrx_word' id='word_1_193' title='bbox 1129 3738 1162 3750; x_wconf 95' lang='lat'>-</span> <span class='ocrx_word' id='word_1_194' title='bbox 1199 3703 1343 3770; x_wconf 89' lang='lat' dir='ltr'><strong>Traditio</strong></span> 
     </span>
     <span class='ocr_line' id='line_1_26' title="bbox 222 3825 1344 3914; baseline 0.004 -24"><span class='ocrx_word' id='word_1_195' title='bbox 222 3825 448 3910; x_wconf 82' lang='lat' dir='ltr'><strong>Apostolorum</strong></span> <span class='ocrx_word' id='word_1_196' title='bbox 479 3847 594 3909; x_wconf 86' lang='lat' dir='ltr'><strong>graeca</strong></span> <span class='ocrx_word' id='word_1_197' title='bbox 626 3829 692 3911; x_wconf 87' lang='lat'>(23.</span> <span class='ocrx_word' id='word_1_198' title='bbox 720 3831 768 3895; x_wconf 88' lang='lat' dir='ltr'><strong>ed.</strong></span> <span class='ocrx_word' id='word_1_199' title='bbox 793 3828 918 3894; x_wconf 88' lang='lat' dir='ltr'><strong>Fabric.</strong></span> <span class='ocrx_word' id='word_1_200' title='bbox 946 3852 976 3914; x_wconf 94' lang='lat' dir='ltr'><strong>p.</strong></span> <span class='ocrx_word' id='word_1_201' title='bbox 996 3828 1073 3912; x_wconf 84' lang='grc'>256)</span> <span class='ocrx_word' id='word_1_202' title='bbox 1104 3828 1271 3912; x_wconf 87' lang='lat' dir='ltr'><strong>praecipit,</strong></span> <span class='ocrx_word' id='word_1_203' title='bbox 1308 3837 1344 3896; x_wconf 89' lang='lat' dir='ltr'><strong>ut</strong></span> 
     </span>
     <span class='ocr_line' id='line_1_27' title="bbox 220 3947 1340 4040; baseline -0.001 -23"><span class='ocrx_word' id='word_1_204' title='bbox 220 3950 452 4017; x_wconf 83' lang='lat' dir='ltr'><strong>anniversarius</strong></span> <span class='ocrx_word' id='word_1_205' title='bbox 476 3951 543 4018; x_wconf 87' lang='lat' dir='ltr'><strong>dies</strong></span> <span class='ocrx_word' id='word_1_206' title='bbox 567 3951 752 4020; x_wconf 89' lang='lat' dir='ltr'><strong>observetur</strong></span> <span class='ocrx_word' id='word_1_207' title='bbox 782 3975 840 4038; x_wconf 91' lang='lat' dir='ltr'><strong>pro</strong></span> <span class='ocrx_word' id='word_1_208' title='bbox 869 3953 1024 4018; x_wconf 87' lang='lat' dir='ltr'><strong>memoria</strong></span> <span class='ocrx_word' id='word_1_209' title='bbox 1057 3947 1117 4036; x_wconf 78' lang='grc' dir='ltr'><strong>(εἰς</strong></span> <span class='ocrx_word' id='word_1_210' title='bbox 1140 3949 1340 4040; x_wconf 69' lang='grc' dir='ltr'><em>ἀνάμνησιν)</em></span> 
     </span>
     <span class='ocr_line' id='line_1_28' title="bbox 222 4047 1247 4143; baseline 0.001 -2"><span class='ocrx_word' id='word_1_211' title='bbox 222 4075 452 4143; x_wconf 82' lang='lat' dir='ltr'><strong>defunctorum.</strong></span> <span class='ocrx_word' id='word_1_212' title='bbox 1242 4047 1247 4056; x_wconf 36' lang='lat'><strong>¹</strong></span> 
     </span>
    </p>
   </div>
   <div class='ocr_carea' id='block_1_10' title="bbox 0 0 1538 4758">
    <p class='ocr_par' dir='ltr' id='par_1_10' title="bbox 0 0 1538 4758">
     <span class='ocr_line' id='line_1_29' title="bbox 0 0 1538 4758; baseline 0 1"><span class='ocrx_word' id='word_1_213' title='bbox 0 0 1538 4758; x_wconf 95' lang='lat' dir='ltr'><strong> </strong></span> 
     </span>
    </p>
   </div>
  </div>
 </body>
</html>
