3068 4758
288 455 347 521 102

372 641 474 710 Vlll.
507 609 618 707 vividi
642 628 769 738 &ist
786 643 870 710 idem
888 665 956 708 esse
971 664 1008 710 eo
1031 644 1220 727 χαρίσματα
1242 637 1402 722 ἰαμάτων,

285 770 416 858 quilibet
444 769 538 835 ridet
588 770 634 834 Cf.
669 772 781 836 lOor.
806 769 878 836 XII.
905 774 957 834 28.
1004 769 1053 833 De
1082 789 1217 850 quorum
1246 767 1402 833 donorum

283 915 341 965 usu
366 902 399 963 et
414 893 513 962 abusu
537 895 690 960 habemus
713 896 923 976 fragmentum
950 894 1056 976 operis
1073 891 1117 960 st.
1132 889 1297 981 Hippolyti
1320 893 1404 974 apud

284 1021 409 1088 Febris.
434 1044 464 1109 p.
483 1026 558 1089 245.
604 1022 639 1086 Iu
664 1023 783 1092 nostris
811 1019 1003 1086 editionibus
1032 1018 1303 1086 constitutionum
1330 1038 1405 1100 apo·

284 1143 465 1210 molinarum
482 1143 565 1209 idom
582 1149 745 1224 tractatus,
765 1151 877 1208 octavo
894 1141 977 1208 libro
1001 1143 1211 1225 praepositus,
1234 1139 1405 1206 invenitur.

184 1341 189 1358 .
245 1268 254 1289 ⁹
284 1255 344 1334 E'd.
358 1269 462 1353 Migne
486 1292 516 1353 p.
537 1273 638 1368 1061„
659 1265 763 1338 Const.
778 1269 890 1354 Apost.
916 1267 963 1334 ed.
982 1267 1015 1334 P.
1032 1269 1067 1335 Α.
1094 1269 1131 1333 de
1147 1267 1293 1350 Logorde
1322 1269 1416 1332 1862

283 1417 314 1478 p.
339 1397 403 1459 230
424 1415 510 1480 seqq.
559 1395 664 1476 Pitra,
694 1396 717 1460 Ι.
751 1417 782 1478 p.
810 1399 872 1460 386
897 1416 982 1478 seqq.
1032 1393 1122 1473 Quod
1157 1393 1196 1457 do
1221 1393 1409 1458 mulieribus

263 1522 543 1604 ‘presbyterorum
570 1517 722 1584 adnexum
750 1527 811 1599 est,
845 1539 915 1582 eum
939 1538 1058 1583 canone
1082 1517 1191 1600 Apost.
1217 1521 1246 1584 6.
1274 1515 1339 1599 (vel
1364 1515 1408 1598 5.)

285 1647 466 1711 concordat.

289 1903 290 1910 ἵ
344 1809 347 1817 ’
373 1819 441 1887 IX.
471 1822 539 1897 da?
559 1838 649 1922 pou
668 1804 710 1916 ii,
740 1827 913 1888 verterem:
947 1821 1100 1904 „necdum
1124 1824 1325 1904 ordinetur“,
1350 1822 1411 1887 nisi

286 1954 450 2014 contextus
467 1947 624 2028 suaderet,
649 1947 802 2013 vocabulo
832 1944 901 2024 du,
925 1947 1183 2028 significationem
1214 1947 1412 2031 primitivam

285 2092 421 2142 serrare.
469 2075 541 2139 Nou
572 2073 765 2154 ignoramus,
804 2073 872 2149 tia?
913 2091 983 2138 oum
1017 2075 1185 2155 negatione
1223 2074 1412 2156 „nondum“
1515 2081 1516 2086 ’

286 2254 363 2300 esse.
406 2233 443 2298 Ε.
468 2254 497 2314 g.
527 2199 597 2309 dia
625 2205 747 2330 μῖω
774 2180 846 2324 spi-i
875 2198 912 2335 {i
941 2237 1078 2300 nondum
1113 2235 1197 2299 venit
1219 2234 1305 2300 hora
1331 2227 1414 2300 m’ea.

285 2375 394 2442 Versio
425 2375 530 2458 liturg.
564 2375 744 2444 lochoan.
763 2382 805 2458 ·2,
832 2382 863 2442 4.
912 2379 958 2442 De
992 2368 1134 2444 iteratis*
1152 2348 1415 2444 ordinationibus

286 2502 392 2574 confer
408 2499 592 2566 Morinum
612 2501 651 2566 de
667 2501 765 2568 seor-is
783 2503 1045 2585 ordinationibus,
1063 2503 1227 2570 Assomani
1245 2503 1285 2568 B.
1299 2503 1338 2570 Ο.
1355 2502 1414 2570 111.

285 2646 315 2708 p.
341 2626 382 2690 II.
417 2630 477 2692 331
504 2647 590 2710 seqq.
640 2627 772 2694 Joannis
810 2628 928 2712 Ephes.
961 2628 1074 2692 histor.
1107 2627 1216 2693 eccles.
1241 2627 1266 2693 1.
1305 2651 1332 2694 o.
1364 2633 1413 2696 12.

287 2752 397 2827 Versio
413 2750 631 2819 Sohiirrielderi
655 2776 685 2837 p.
698 2760 728 2824 9,
746 2790 787 2799 -
806 2754 1053 2835 Hergenro'ther,
1071 2753 1160 2818 Phot.
1176 2753 1217 2818 II.
1236 2759 1300 2818 231
1323 2771 1414 2833 seqq.
1513 2835 1517 2848 ι

374 2944 422 3022 Χ.
463 2945 554 3027 Quod
599 2947 799 3032 interpretati
843 2970 968 3014 sumus:
1016 2950 1107 3030 „Hos
1145 2954 1250 3016 autem
1302 2949 1415 3017 obser-

286 3061 398 3138 vetur“
423 3043 483 3135 eto.
515 3070 560 3138 ita
591 3071 827 3155 intelligendum
853 3079 916 3156 est,
952 3080 987 3139 ut
1010 3073 1201 3142 in'eoelesia
1231 3073 1416 3142 instruatur

286 3197 526 3264 catechumenus
549 3218 647 3282 usque
675 3197 717 3263 ad
741 3198 941 3282 baptismum.

380 3325 507 3454 mlo-tii
544 3358 705 3441 ,‚dounm“
736 3359 768 3428 in
791 3361 852 3426 fine
876 3360 1006 3429 canonis
1037 3358 1228 3426 eucharistia
1252 3368 1313 3428 est.
1367 3362 1415 3429 Cf.

287 3483 384 3554 Hebr.
411 3489 440 3566 6,
466 3491 496 3550 4.
530 3483 749 3568 γευσαμένους
770 3489 886 3572 veropr
912 3485 1036 3572 δωρεαῖς
1058 3486 1117 3570 τῆς
1140 3483 1359 3571 ἐπουρανίου,

377 3608 541 3688 Quomodo
567 3630 636 3675 oum
661 3611 760 3676 sorvis
784 3610 941 3692 agendum
963 3611 1021 3693 sit,
1053 3611 1107 3696 qui
1131 3611 1171 3675 ad
1196 3612 1414 3682 Christianam

287 3733 468 3828 religionem
494 3733 657 3815 accedunt,
683 3710 835 3801 secundus
851 3733 930 3806 liber
947 3733 1114 3804 Clementis
1132 3735 1278 3819 Syriacus
1306 3737 1414 3806 docet.

289 3859 337 3946 (P.
366 3859 431 3942 15.)
478 3857 605 3927 Didaso.
631 3865 713 3943 copt.
737 3881 768 3946 p.
790 3861 861 3926 166.
934 3925 936 3931 A

274 4083 276 4088 -
302 4085 304 4090 .
378 4033 444 4102 XI.
481 4038 595 4104 Primis
620 4039 769 4108 ecclesiae
800 4041 933 4108 saeculis
963 4061 1025 4108 non
1050 4039 1185 4121 ignobile
1209 4061 1308 4121 genus
1333 4040 1411 4106 arti-

289 4161 350 4228 fieii
376 4171 475 4229 artem
498 4165 660 4252 pingendi,
693 4167 855 4253 sculpendi
880 4175 911 4234 et
936 4166 1085 4250 fundendi
1109 4166 1220 4249 fuisse,
1253 4189 1291 4232 ex
1317 4166 1419 4252 copia

1333 4443 1343 4510 ,i

1330 4664 1338 4718 i
