3068 4758
1214 485 1257 549 uu

134 661 228 728 nostri
251 659 332 729 Jesu
356 659 485 744 Christi,
510 679 662 747 rogamus
685 666 717 728 te
740 661 847 743 enixe,
878 667 915 728 ut
939 660 1084 728 effundas
1108 660 1259 748 Spiritum

132 777 216 835 tuum
248 775 395 836 unctum
418 751 525 854 'super
556 768 710 836 famulum
741 775 831 836 tuum
853 770 895 836 N.
925 789 1059 854 eumque
1086 789 1261 854 praepares

132 894 198 940 oum
229 876 315 958 iilis,
350 879 405 962 qui
437 876 496 943 tibi
529 877 669 944 serviunt
701 875 872 944 secuudum
902 881 989 943 tuum
1022 875 1258 962 beneplacitum

131 984 209 1049 siout
224 981 421 1068 Stephanus,
446 989 544 1070 utque
566 983 613 1050 illi
637 982 792 1051 concedas
812 982 874 1048 rim
899 981 1044 1050 vincendi
1067 988 1262 1068 potestatem

131 1085 248 1156 diaboli
274 1088 366 1172 signo
380 1087 503 1171 Crucis,
528 1109 591 1174 quo
614 1089 682 1174 ipse
706 1088 873 1172 insignitur
897 1095 997 1173 utque
1019 1087 1174 1156 concedas
1198 1089 1260 1174 ipsi

131 1197 226 1261 ritum
266 1215 440 1280 moresque
477 1195 544 1262 sine
577 1201 709 1279 peccato
744 1214 852 1262 coram
887 1195 1034 1280 omnibus
1069 1193 1260 1278 hominibus,
1288 1213 1291 1218 ’
1368 1213 1371 1220 ’

132 1299 377 1386 doctrinamque
415 1302 523 1367 multia
562 1300 720 1385 (utilem),
761 1321 823 1386 qua
860 1307 988 1385 gentem
1026 1300 1190 1388 copiosam
1227 1303 1262 1368 in

36 1489 41 1504 ι
130 1408 276 1475 Ecclesia
311 1415 425 1476 sancta
457 1407 499 1474 ad
534 1410 671 1474 salutem
705 1408 860 1493 perducat
897 1408 965 1476 siue
998 1407 1063 1476 ullo
1097 1408 1260 1476 scandalo.

131 1515 247 1600 itceipe
273 1534 368 1583 omne
400 1515 560 1580 servitium
596 1517 663 1599 eJus
692 1535 751 1600 per
780 1513 952 1604 Dominum
983 1519 1129 1584 nostrum
1150 1517 1262 1584 desum
1334 1532 1338 1540 ’

132 1621 316 1704 tiu-istum,
348 1642 406 1706 per
434 1642 529 1708 quem
558 1621 629 1688 'iibi
657 1641 728 1688 cum
757 1621 828 1707 ipso
859 1627 891 1688 et
922 1621 1043 1708 Spiritu
1073 1630 1185 1692 sancto
1219 1623 1262 1690 sit

130 1726 235 1812 gloria
259 1728 293 1795 in
316 1727 445 1796 saecula
467 1727 679 1797 saeculorum.
722 1727 837 1796 Amen.

136 1992 192 2063 VI.
237 1993 351 2065 Oarion
383 1997 502 2061 acutos.
533 1991 609 2059 =De
644 1989 888 2082 (tortoribus),
919 1993 977 2078 qui
1000 1999 1138 2082 propter
1163 1996 1261 2082 fidam

524 2102 642 2185 poenis
664 2101 864 2186 officiuntur.

223 2261 360 2344 Quando
377 2262 446 2350 quis
459 2261 574 2348 dignus
590 2267 648 2343 est,
670 2262 725 2348 qui
741 2267 805 2328 stet
820 2281 929 2330 coram
951 2259 1105 2330 tribunali
1125 2269 1262 2348 propter

132 2368 230 2438 tidem
252 2377 350 2456 atquc
371 2369 531 2438 afficiatur
553 2391 658 2455 poena
672 2376 806 2455 propter
822 2369 993 2453 Christum,
1015 2376 1128 2456 postea
1145 2365 1261 2440 'autem

133 2477 336 2562 indulgentia
365 2478 448 2546 liber
478 2477 665 2559 dimittitur,
705 2476 782 2545 talis
813 2485 927 2564 postca
957 2485 1097 2546 meretur
1125 2478 1262 2564 gradum

133 2586 366 2654 sacerdotalem
390 2606 496 2654 coram
522 2585 596 2668 deo,
626 2608 690 2655 uon
713 2589 887 2656 secundum
911 2586 1155 2682 ordinationem,
1178 2607 1262 2673 quae

133 2696 169 2760 tit
191 2697 236 2760 ab
252 2691 431 2778 Episcopo;
457 2690 623 2760 Confessio
646 2693 746 2778 ipsius
770 2703 819 2760 est
842 2693 1001 2770 ordinatio
1024 2697 1104 2780 ejus.
1138 2691 1261 2772 Quodsi

133 2791 266 2868 rero'in
281 2799 478 2885 Episcopum
501 2800 638 2884 eiigitur,
663 2808 876 2870 consecretur.
916 2798 950 2870 si
972 2801 1044 2887 quis
1067 2802 1261 2872 confessione

135 2911 254 2976 emissa
287 2908 454 2974 tormentis
489 2910 595 2976 laesus
630 2930 693 2978 nou
726 2917 793 2992 cst,
831 2909 944 2994 dignus
978 2916 1027 2978 est
1059 2909 1259 2993 sacordoti03

134 3023 278 3084 attamen
301 3016 465 3084 ordinetur
486 3038 544 3101 per
559 3017 765 3102 Episcopum.
805 3017 841 3085 Si
864 3018 938 3085 tairs
961 3017 1163 3103 (confessor),
1188 3039 1260 3086 oum

135 3143 246 3190 servus
276 3121 409 3208 alicujus
441 3131 543 3207 esset,
575 3133 707 3212 proptor
739 3125 899 3192 Christum
930 3126 1089 3192 cruciatus
1119 3126 1259 3212 pertulit,

134 3229 208 3298 talia
232 3229 379 3298 similiter
400 3238 449 3300 ost
471 3233 620 3301 sacerdos
644 3233 732 3318 gregi
742 3265 758 3316 ‚·
784 3253 976 3318 quamquam
1008 3233 1090 3300 enim
1122 3236 1259 3302 formam

134 3336 306 3404 sacerdotii
328 3358 392 3406 non
416 3342 590 3424 acceperit,
621 3345 729 3406 tamon
759 3338 907 3424 spiritum
931 3337 1099 3406 sacerdotii
1123 3341 1260 3424 adeptus

137 3449 202 3524 eat3
227 3441 405 3531 Episcopus
418 3445 523 3530 igitur,
536 3445 605 3532 (qui
618 3448 712 3512 talem
728 3445 879 3531 ordinat),
897 3446 1024 3514 omittat
1038 3445 1259 3515 recitationem

136 3551 302 3635 orationis,
325 3573 408 3640 quae
422 3554 465 3620 ad
488 3553 753 3640 (impetrandum)
768 3552 922 3640 Spiritum
947 3561 1091 3622 sanctum
1108 3553 1258 3642 pertinet

142 3813 219 3888 Vn.
258 3815 368 3888 Conon
388 3820 544 3906 septimus
571 3793 610 3886 dc
631 3819 689 3901 iis,
721 3819 778 3908 qai
800 3820 965 3908 eliquatur
993 3821 1030 3890 ia
1051 3817 1260 3908 Anoprwum

553 3929 584 3994 et
606 3922 834 3996 subdiaconos.

226 4087 286 4168 Qui
309 4085 436 4172 eiigitur
459 4087 672 4170 damoetas,
705 4094 836 4158 ornatus
860 4091 901 4158 sit
922 4085 1090 4156 virtutibus
1113 4085 1256 4170 Diacmi,

138 4213 238 4281 nequo
261 4215 373 4264 manua
402 4196 464 4286 ipsi
494 4195 676 4282 imponatur
697 4195 812 4283 primo,
844 4200 902 4267 sed
926 4196 1006 4266 liber
1029 4193 1194 4281 Evangelii
1216 4194 1258 4264 ab

485 4317 496 4330 .
1060 4319 1098 4376 ὁ,
