3068 4758
1195 458 1241 528 dt

25 681 26 684 =
127 634 240 706 laturas
262 635 445 708 constitult:
476 635 599 723 respice
626 657 721 722 super
743 633 784 705 N:
809 631 963 704 famulum
987 639 1076 704 tuum
1090 635 1244 704 ‘tribuens

127 745 270 814 virtutem
294 752 381 814 tuam
406 751 438 811 ct
460 745 608 830 spiritum
632 743 808 827 efficacem,
840 764 934 829 quem
964 743 1105 812 tribuisti
1127 743 1246 812 sanct'n

127 851 284 937 Apostolis
306 873 365 937 per
379 852 551 920 Dominum
573 860 715 920 nostrum
730 851 839 919 Jesum
858 850 1018 918 Christum
1032 851 1136 918 filium
1157 857 1247 918 tuum

127 959 265 1041 unicum3
288 959 352 1026 illis
376 958 568 1044 (Apostolis)
591 959 646 1045 qui
670 957 883 1032 fundaverunt
905 956 1079 1023 Ecclesiam
1103 957 1136 1023 in
1159 957 1246 1025 omni

25 1067 26 1070 ’
127 1065 192 1134 loco
226 1067 269 1162 ad
308 1067 461 1134 honorem
496 1072 529 1132 et
563 1065 700 1150 gloriam
745 1065 881 1133 nominis
923 1063 970 1130 tui
1003 1064 1122 1156 sancti;
1172 1063 1247 1149 quia

126 1181 174 1266 tu.
189 1173 365 1258 cognovisti
395 1193 451 1240 cor
485 1173 739 1258 uniuscujusque.
794 1171 939 1240 Concede
974 1171 1038 1254 illi,
1054 1201 1059 1212 ·
1076 1177 1111 1238 ut
1141 1171 1248 1238 videat

125 1281 271 1367 populum
303 1287 394 1347 tuum
424 1281 492 1347 sine
523 1290 673 1366 peccato,
709 1285 744 1347 ut
776 1287 936 1347 mereatur
966 1300 1095 1366 pascere
1119 1299 1247 1364 gregem

125 1395 206 1456 tuum
243 1409 393 1472 magnum
427 1394 583 1454 sanctum.
629 1385 730 1453 Effice
764 1390 861 1454 stiam
890 1393 925 1454 ut
957 1407 1063 1454 moros
1094 1379 1161 1472 ejus
1183 1387 1248 1455 sint

25 1529 26 1548 ι
125 1498 304 1583 superiores·
325 1495 412 1562 omni
434 1494 553 1582 populo
576 1495 644 1560 sine
671 1493 738 1559 ulla
760 1493 980 1563 declinatione.
1017 1494 1116 1562 Effice
1138 1491 1245 1578 etiam,

125 1609 156 1668 nt
176 1611 310 1688 propter
331 1605 560 1688 praestantiam
583 1599 631 1666 illi
654 1606 695 1669 ab
718 1603 864 1669 omnibus
887 1601 1066 1670 invideatur
1089 1610 1122 1669 et
1137 1601 1246 1687 accipe

124 1711 282 1778 orationes
306 1711 373 1800 ejus
389 1715 421 1776 st
437 1708 618 1776 oblationes
641 1709 719 1794 ejas,
745 1729 823 1793 quas
844 1709 904 1776 tibi
928 1709 1040 1777 offeret
1062 1710 1115 1777 die
1138 1716 1247 1788 noctu7

123 1839 198 1905 qna,
223 1817 350 1902 sintque
372 1817 430 1885 tibi
454 1817 535 1884 odor
557 1839 665 1902 purus.
711 1816 829 1884 Tribus
851 1817 1027 1901 etiamilli,
1053 1802 1243 1902 o'Domine,

25 2001 26 2006 ἵ
123 1945 188 1992 cum
227 1923 429 2011 Episcopatu
475 1923 621 2010 spiritum
668 1924 853 1992 clementem
891 1933 923 1992 et
967 1931 1161 2010 potestatem
1204 1925 1247 1992 ad

125 2031 314 2100 remittenda
337 2037 469 2117 peccata
491 2037 524 2097 et
545 2030 652 2096 tribue
681 2029 729 2097 illi
759 2029 944 2097 facultatem
973 2031 1016 2097 ad
1046 2031 1247 2100 dissolvenda

124 2141 228 2206 omnia
258 2139 384 2207 vincula
413 2139 589 2224 iniquitatis
622 2138 797 2218 diabolicas
826 2139 924 2206 etad
947 2140 1108 2214 sanandos
1135 2161 1246 2208 omnes

124 2252 251 2316 morbos
288 2254 322 2314 et
358 2235 486 2314 contire
525 2243 681 2314 satanam
719 2247 778 2314 sub
816 2245 952 2333 pedibus
994 2247 1078 2334 ejus'
1098 2246 1247 2316 velociter

125 2353 226 2437 (Rom.
255 2358 306 2439 lt,
330 2354 400 2438 20.)
424 2375 483 2439 per
505 2353 680 2422 Dominum
702 2360 847 2423 nostrum
870 2354 979 2424 desum
995 2351 1166 2438 Christum,
1189 2376 1272 2440 per¹

124 2483 213 2546 quom
246 2461 306 2529 tibi
342 2459 445 2544 gloria
482 2481 554 2528 cum
591 2462 662 2548 ipso
692 2468 726 2530 et
756 2462 877 2548 Spiritu
913 2470 1022 2536 sancto
1054 2460 1087 2528 in
1118 2461 1248 2532 saecula

124 2549 333 2638 occulorum.
379 2569 492 2636 Amen.

211 2678 288 2745 Post
310 2678 390 2744 haec
412 2683 599 2744 convertant
622 2697 656 2744 sc
680 2699 789 2746 omnes
803 2677 845 2744 ad
862 2697 943 2759 eum,
969 2675 1150 2744 osculantes
1173 2695 1245 2744 eum

123 2783 265 2871 inpace,
288 2787 364 2872 quia
386 2783 440 2854 ille
462 2783 526 2852 hoc
549 2791 699 2862 meretur.
1137 2867 1143 2882 ι
1191 2842 1216 2864 ,,

209 2891 371 2962 Diaconos
404 2897 511 2960 autam
546 2889 662 2960 afferat
684 2889 886 2960 Oblationem
921 2897 954 2960 et
976 2890 1051 2972 illa,
1085 2890 1140 2976 qui
1170 2909 1247 2965 oon,-

124 3006 264 3068 secratus
287 3005 335 3066 est
365 2999 397 3066 in
421 2999 615 3084 Episcopum
647 3000 792 3084 imponat
822 3020 935 3066 manus
966 3021 1062 3084 super
1085 2996 1247 3066 oblatione

125 3127 186 3175 una
209 3128 280 3176 oum
304 3105 549 3188 Sacerdotibus,
586 3106 713 3175 dicens:
748 3103 888 3193 ἡχιίρις
909 3108 971 3171 τοῦ
991 3106 1114 3190 Κυρίου
1137 3149 1146 3170 .
1168 3153 1178 3172 .
1203 3155 1247 3178 .,

122 3214 207 3296 μετα*
239 3214 388 3290 πάντων.
433 3213 637 3298 Respondeat
667 3211 820 3300 populus:
857 3215 900 3280 Et
929 3234 1001 3280 cum
1031 3212 1147 3297 spiritu
1177 3217 1245 3281 tuo.

125 3322 217 3392 Dicat
247 3321 448 3407 (celebrans)
479 3312 550 3386 ἅνω
580 3325 823 3404 σχῶμεν
860 3321 1062 3407 Respondeat
1090 3318 1244 3406 populus:

126 3427 243 3514 ἔχομεν
264 3429 351 3516 rupee
371 3427 431 3494 τόν
453 3429 579 3515 κύριον.
609 3429 795 3514 (celebrans
817 3427 935 3515 dicatz)
958 3423 1247 3515 sixcpcocrjoopsv

124 3541 168 3625 aqi
181 3540 290 3626 copto.
327 3537 371 3606 Et
386 3537 553 3624 (populos)
575 3537 786 3624 respondeat:
810 3527 980 3613 ἄξιονκαὶ
997 3535 1137 3620 δίκαιον,
1161 3533 1247 3622 quod

125 3645 297 3729 significat:
335 3646 474 3730 Dignum
505 3653 564 3714 est.
611 3649 727 3716 Postea
758 3651 867 3714 autam
900 3645 986 3714 dicct
1009 3645 1187 3714 orationem
1212 3651 1246 3712 et

125 3754 269 3838 perficiat
291 3754 407 3823 Missae
434 3754 634 3822 sacrificium.

213 3860 333 3942 Quodsi
351 3861 442 3930 adest
464 3860 581 3946 oleum,
606 3867 677 3930 oret
691 3881 787 3946 super
803 3859 890 3945 illud,
915 3860 963 3932 sin
983 3867 1101 3944 autem,
1126 3857 1245 3928 solum·
1316 3953 1321 3962 .

128 3967 222 4036 modo
244 3967 316 4036 illas
337 3968 511 4054 particulas
535 3967 731 4052 (orationum
754 3965 893 4052 recitet).
941 3967 974 4036 Si
997 3967 1115 4036 adsunt
1137 3967 1245 4050 primi·

116 4075 188 4144 tiae
209 4073 365 4162 quaedum
387 4075 514 4159 frugum
539 4073 785 4144 comestibilium
807 4073 942 4158 allatas,
977 4081 1048 4142 oret
1070 4091 1165 4160 super
1188 4093 1244 4142 eas

127 4187 158 4248 et
180 4180 347 4250 musclieat
369 4181 534 4266 fructibus,
558 4180 613 4268 qui
635 4179 696 4270 ipsi
719 4180 809 4252 allati
832 4188 906 4252 sunt
927 4203 987 4268 pro
1010 4181 1154 4250 cratone
1175 4199 1243 4264 sua,

1066 4303 1084 4364 ὗ
1165 4297 1170 4305 .
