3068 4758
1233 401 1274 463 73

153 574 217 658 illa,
240 594 322 660 qnae
343 577 560 663 pretiosorum
586 574 728 663 lapidum
752 582 786 643 et
808 575 1055 660 margaritarum
1081 575 1274 642 ornamentis

49 697 53 713 ·
152 681 310 786 snpmbit,
334 689 400 750 tam
424 683 559 768 pulchra
582 690 639 768 est,
671 689 708 750 ut
731 681 797 767 illa,
828 703 910 768 qnae
932 681 1002 750 sola
1024 703 1083 750 sua
1105 687 1220 750 natura
1243 689 1276 750 et

151 787 292 858 bonitate
314 787 472 876 splendet.

241 915 345 1004 Hujus
367 915 491 1000 generis
507 915 623 984 mulier
646 915 795 1000 (caeteris
811 914 959 1007 foeminis
974 915 1081 1003 quasi)
1102 915 1275 1004 inspectrix

151 1023 379 1108 praeponenda
402 1031 459 1092 est.
507 1023 677 1110 (caeterae
700 1023 821 1108 autem)
845 1045 885 1092 ne
908 1024 972 1090 sint
994 1023 1175 1092 immundae
1197 1045 1276 1100 neve

153 1130 313 1216 (nimium)
338 1137 447 1199 ament
462 1130 672 1218 voluptatem,
696 1153 776 1199 neve
791 1132 856 1199 sint
871 1152 991 1217 pronae
1007 1131 1049 1198 ad
1065 1131 1175 1213 risum,
1200 1139 1281 1198 neve

153 1238 280 1305 omnino
303 1238 475 1325 loquantur
498 1239 529 1304 in
553 1238 698 1320 ecclesia,
732 1238 805 1321 quia
829 1247 877 1305 est
901 1237 1014 1305 domus
1038 1238 1107 1322 dei3
1142 1259 1204 1304 nou
1228 1243 1276 1304 est

151 1346 240 1414 locus
272 1335 559 1430 contabulationis,
591 1349 646 1415 sed
679 1346 766 1412 locus
797 1345 952 1413 orationis
982 1346 1015 1411 in
1043 1345 1167 1413 timore.
1215 1345 1275 1424 Qui

149 1451 291 1540 loquitur
320 1454 353 1520 in
386 1452 539 1537 ecclesia,
577 1453 755 1539 expellatur
789 1475 892 1541 nequo
914 1453 969 1521 illa
993 1454 1045 1521 die
1069 1454 1109 1521 ad
1134 1473 1275 1521 commu-

109 1611 129 1634 .
151 1559 278 1627 nionem
302 1561 535 1654 mysteriorum,
546 1561 744 1628 admittatur.

243 1685 502 1768 Catechnmenns,
520 1686 573 1772 qni
590 1686 704 1768 dignus
722 1689 769 1754 est
782 1685 900 1754 lumine
924 1685 1181 1771 (pannonicis.
1199 1691 1277 1773 bap·

153 1791 291 1878 tismus),
315 1815 379 1860 non
403 1793 557 1880 impediat
580 1816 651 1861 eum
675 1802 834 1879 tempus„

244 1917 416 1986 Catacheta
437 1923 545 1984 autem
569 1918 722 1986 ecclesiae
735 1917 790 1986 ille
806 1925 864 2001 est,
889 1920 944 2002 qui
961 1921 1044 1986 hanc
1059 1919 1275 2006 quaestionem

152 2025 317 2113 dijudicat.
377 2026 512 2106 Quando
554 2048 631 2095 roro
676 2026 841 2093 catecheta
885 2027 1104 2113 quotidianum
1144 2048 1275 2112 pensum

152 2133 354 2202 catecheseos
399 2133 603 2216 terminavit,
647 2139 741 2201 orent
788 2134 1034 2220 (catechumeni)
1081 2133 1222 2220 separati
1256 2154 1277 2200 a

155 2240 356 2309 Christianis.

242 2365 391 2433 Mulieres
426 2371 532 2432 nutem
568 2365 718 2448 gravidae
751 2388 815 2434 non
849 2369 1083 2454 participentur
1106 2367 1274 2454 mysteriis,

155 2481 326 2558 antequam
352 2471 565 2557 purificentur.
613 2473 794 2542 Purificatio
826 2495 935 2542 earum
960 2475 999 2542 de
1022 2498 1060 2543 eo
1083 2475 1207 2560 (partu)
1232 2475 1277 2542 ita

152 2579 211 2646 sit:
246 2579 279 2647 Si
302 2585 413 2665 partus
437 2587 487 2647 est
521 2580 686 2648 masculini
720 2603 822 2665 sexus,
846 2583 907 2648 XX
935 2582 1020 2665 dies,
1055 2583 1082 2648 si
1112 2583 1274 2650 foeminini

153 2707 258 2770 sexus,
283 2688 339 2754 XL
363 2687 432 2756 dies
456 2688 647 2773 (expectent,
673 2689 774 2758 donec
797 2690 839 2757 ad
863 2689 1027 2760 ecclesiam
1051 2689 1228 2774 accedant).

244 2813 421 2899 Puer-perae
459 2812 661 2879 invitationes
708 2813 766 2898 (ad
800 2801 934 2900 prandia
976 2814 1077 2899 lauta)
1116 2815 1274 2898 omittant,

154 2919 293 2987 orationi
326 2923 435 3006 potins
469 2919 617 2987 studeant
650 2943 709 3007 pro
740 2924 844 2990 salute
867 2922 1051 3005 infantium,
1088 2942 1166 3006 quos
1201 2943 1276 2989 con·

154 3033 327 3112 oeperunt;
356 3027 473 3113 quodsi
502 3035 578 3094 ante
610 3027 861 3112 purificationem
886 3029 1050 3097 ecclesiam
1076 3029 1276 3114 frequentare

154 3131 347 3216 desiderant,
372 3140 465 3201 orent
487 3155 556 3200 cum
575 3135 819 3218 catechumenis,
843 3136 898 3222 qui
913 3137 1046 3204 necdum
1064 3144 1136 3203 sunt
1155 3137 1275 3221 recepti

154 3260 256 3328 neque
289 3240 378 3328 digni
412 3241 513 3308 habiti
543 3246 634 3324 sunt,
670 3242 725 3328 qui
756 3262 827 3308 cnm
860 3251 954 3310 coetu
985 3241 1155 3328 (fidelium)
1191 3263 1275 3310 com·

157 3348 359 3416 misceantur.

246 3473 394 3540 Mulieres
418 3476 482 3541 sint
504 3478 673 3558 separatae
697 3473 730 3540 in
754 3475 842 3556 loco,
875 3474 915 3542 ad
938 3495 1032 3560 quem
1065 3473 1124 3542 riri
1148 3477 1277 3542 omnino

157 3601 220 3648 non
249 3582 469 3650 admittuntur.
517 3580 688 3648 Oatecheta
725 3589 831 3648 autem
867 3584 1011 3667 imponat
1044 3581 1278 3650 catechumenis

158 3709 297 3772 manum,
321 3697 491 3776 antequam
515 3707 622 3755 curam
647 3690 710 3756 illis
733 3689 906 3775 impendat.
951 3691 1097 3758 iuniores
1121 3691 1279 3758 foeminae

157 3797 311 3880 virgines,
351 3798 479 3884 qnando
501 3806 628 3882 tempus
652 3795 761 3879 adest,
793 3800 922 3884 quoad
951 3801 1087 3882 gradum
1111 3799 1276 3864 mulierum

159 3904 341 3990 evehuntur,
366 3906 471 3992 capita
487 3925 545 3973 sua
567 3904 673 3972 velent
688 3905 770 3972 siout
785 3905 931 3974 mulieres
953 3906 1151 3992 grandiores,
1174 3906 1277 3992 peplis

159 4013 208 4078 rel
231 4013 338 4100 palliis
360 4014 436 4100 suis,
460 4033 562 4102 nequo
585 4017 692 4081 umen
716 4016 802 4080 tenui
826 4035 933 4102 panno
957 4021 1097 4083 utantur.
