3068 4758
264 407 306 472 82

264 603 359 670 saepe
382 584 517 666 negotiis
541 583 680 669 expediti
695 587 727 651 in
744 535 876 652 enclesis
898 586 1103 670 conveniant,
1129 552 1316 676 fortiterque
1337 589 1384 656 in·

263 691 382 758 vidium
416 691 534 758 inimici
568 691 738 777 expellant,
772 691 918 775 inprimis
951 693 978 760 si
1006 691 1121 779 uliquis
1154 695 1263 762 literas
1286 696 1383 763 novit.

176 853 188 862 .
263 797 366 864 Tanto
389 798 461 883 plns
484 798 668 881 lucrabitur,
693 800 720 865 si
743 799 842 881 audit,
868 800 954 883 quod
976 821 1039 867 non
1062 809 1203 892 nouerat,
1237 803 1385 872 dominus

263 905 348 973 enim
371 905 462 974 adest
476 907 508 972 in
525 905 606 990 looo,
631 906 685 974 ubi
709 907 888 994 majestatis
913 907 1064 992 (divinae)
1091 912 1244 977 memoria
1267 913 1385 995 agitur,
1471 909 1475 916 ’

263 1013 487 1100 descenditque
510 1015 641 1098 spiritus
664 1014 696 1079 in
712 1020 922 1099 congregatos
946 1015 1147 1099 gratiamque
1169 1039 1260 1084 suam
1283 1003 1386 1086 effun-

265 1118 312 1186 dit
334 1142 432 1206 super
454 1143 574 1189 omnes.
615 1121 675 1202 Qui
698 1128 807 1192 sulem
831 1129 878 1188 est
902 1123 1037 1209 duplicis
1053 1124 1157 1191 cordis
1180 1124 1279 1192 homo
1301 1125 1385 1192 inter

187 1251 193 1264 ·
262 1246 327 1309 eos,
350 1227 384 1295 in
407 1234 552 1298 caeteros
575 1249 646 1296 sese
667 1229 809 1311 reclinet,
834 1231 910 1315 quia
933 1230 1058 1314 audisti,
1084 1253 1139 1300 eos
1162 1233 1292 1299 stabiles
1314 1253 1385 1301 esse

254 1333 293 1400 in
317 1333 448 1420 Spiritu.
487 1336 639 1421 (Philipp.
663 1336 688 1404 I.
716 1341 769 1403 27.
784 1336 817 1422 l)
858 1339 917 1418 Qui
941 1343 1046 1404 antem
1071 1339 1158 1406 domi
1182 1361 1385 1409 commoren-

261 1443 505 1527 tonsuratione,
531 1445 553 1512 il
576 1453 683 1512 temen
707 1444 741 1512 id
764 1465 829 1512 non
852 1456 1073 1529 assequuntur,
1098 1446 1237 1531 quod‘in
1253 1447 1387 1516 eoolesia

261 1550 419 1620 audirent.
1309 1627 1314 1640 ,

351 1658 574 1745 Unusquisque
590 1660 687 1745 igilur
703 1681 828 1727 summo
844 1659 949 1728 studio
967 1660 1146 1744 contendat,
1170 1666 1206 1728 ut
1222 1663 1386 1730 ecelesiam

259 1763 456 1850 frequentet,
489 1767 637 1836 omnibus
660 1772 871 1854 temporibus,
904 1773 1018 1856 quibus
1044 1769 1078 1837 in
1102 1790 1140 1839 ea
1161 1769 1241 1838 fiunt
1263 1791 1386 1856 preces.

260 2103 413 2175 XXVII.
440 2105 549 2176 Conon
570 2109 743 2194 vigesimus
765 2109 930 2192 septimus.
976 2105 1193 2192 Praecipilor,
1216 2113 1254 2175 ol
1269 2109 1308 2192 is,
1328 2111 1388 2194 qui

258 2253 322 2302 oon
343 2235 485 2320 quotidie
512 2234 675 2302 ecelesiam
698 2235 790 2334 adit„
815 2240 921 2301 tomen
943 2234 1070 2301 leotioui
1093 2233 1263 2301 bibliorum
1285 2241 1385 2318 uacet,

259 2359 453 2445 adjungitur
476 2361 626 2428 oouiotio
657 2361 701 2426 ad
725 2381 839 2444 proces
869 2359 1077 2442 effundendas
1106 2361 1213 2427 medio
1243 2367 1332 2428 nocte
1355 2367 1389 2428 ei
1522 2341 1526 2360 ”

259 2488 396 2568 tempore
432 2482 614 2568 gallicinii,
662 2484 759 2552 simod
805 2484 850 2552 od
887 2483 1047 2552 launoius
1090 2505 1207 2554 moruus
1244 2491 1385 2570 tempore

644 2609 785 2676 omnium
807 2609 997 2676 moturum.

350 2822 542 2906 Quocunque
573 2819 625 2888 die
654 2823 725 2907 quis
749 2820 791 2888 ud
807 2797 977 2889 ¹‹rrrrlesiam
1009 2841 1073 2887 non
1104 2819 1244 2904 aceedit,
1276 2829 1386 2892 sumet

259 2931 387 3014 librum,
421 2937 457 2996 ut
486 2929 575 3012 legat
604 2929 637 2995 in
661 2949 710 2995 eo.
758 2929 814 2995 Sol
837 2929 1012 3015 conspiciat
1046 2930 1201 2998 matutino
1236 2935 1384 3016 tempore

260 3037 377 3105 librum
399 3058 495 3122 super
518 3057 621 3118 genua
643 3041 709 3102 tua.

349 3159 546 3230 Christianus
568 3160 653 3228 levet
676 3181 788 3227 manus
813 3159 1079 3244 omnitempore,
1106 3183 1168 3246 quo
1192 3165 1273 3229 oret.
1323 3162 1385 3241 Qui

261 3275 368 3339 sutem
384 3269 507 3352 alligati
522 3277 596 3336 sunt
615 3245 834 3350 matrimonio:
853 3267 1104 3353 quandocunque
1119 3291 1139 3335 u
1153 3267 1255 3335 latere
1271 3270 1383 3338 uxoris

260 3399 389 3461 surgere
412 3377 518 3459 velini,
544 3382 655 3456 orent;
686 3376 864 3460 conjuginm
890 3375 975 3441 enim
998 3397 1061 3442 non
1085 3375 1241 3456 merulat3
1277 3396 1383 3461 neque

258 3492 333 3572 post
363 3483 637 3566 regenerationem
666 3503 781 3550 novum
812 3483 1035 3568 (baptismum)
1068 3503 1148 3568 opus
1172 3489 1220 3549 est
1244 3482 1382 3565 lavacro,

261 3598 394 3684 excepte
428 3592 549 3659 lotione
582 3595 750 3673 munuum,
785 3589 866 3658 nihil
899 3599 1067 3675 praeterea
1102 3591 1166 3674 (est
1189 3589 1382 3677 agendum);
1420 3604 1425 3610 ·

262 3699 336 3784 quis
348 3698 484 3784 Spiritus
499 3704 626 3765 sanutus
647 3696 799 3766 odoratur
823 3718 959 3784 corpora
976 3697 1135 3764 Fidelium
1155 3717 1255 3782 enque
1278 3697 1385 3766 omnis

260 3811 385 3890 purgat.
424 3805 521 3872 (iuret
542 3805 641 3889 igilur
663 3805 805 3892 quilibet,
830 3811 866 3873 nt
889 3805 1032 3889 diligenti
1055 3805 1159 3872 studio
1183 3809 1253 3871 oret
1275 3804 1384 3872 medie

260 3917 370 3994 noete,
402 3912 477 3997 quis
498 3917 609 3997 patres
631 3912 732 3980 nostri
757 3911 922 3994 dixerunt,
954 3910 1011 3978 illu
1041 3910 1122 3978 hors
1144 3931 1271 3978 omnem
1295 3931 1398 3980 eren.

260 4024 365 4086 turam
381 4020 423 4087 ad
438 4023 599 4087 servitium
623 4021 746 4105 gloriae
762 4020 888 4087 divinae
903 4020 1020 4104 parari,
1046 4017 1171 4086 ordines
1194 4017 1379 4101 angelornm

261 4131 293 4194 et
316 4123 436 4197 animas
456 4129 615 4216 justorum
639 4127 823 4197 benedicere
846 4127 932 4212 Deo,
962 4126 1037 4214 quie
1067 4131 1203 4195 testetur
1226 4126 1381 4196 Dominus
