3068 4758
1219 439 1260 504 'li

136 619 346 683 nascerentur
376 615 552 701 quibusque
583 612 740 700 Spiritum
771 621 862 682 tuum
886 621 1036 705 sanctum
1069 613 1261 684 effundendo

137 723 399 805 communicares,
423 731 460 790 ut
480 727 549 810 jam
571 724 649 790 uniti
673 724 738 790 sint
761 724 890 808 corpori
913 722 1082 792 Ecclesiae.
1096 743 1262 809 nunqnam

136 830 309 934 separandi
330 831 481 916 operibus
510 831 631 900 alienis
663 832 728 914 Da
751 832 875 916 ροιὶιιι,
909 830 1065 915 quibos'
1052 855 1119 916 pam
1146 831 1264 898 dedisti

136 939 358 1006 remissionem
392 945 615 1033 peccatorum,
652 943 747 1005 etiam
785 939 998 1006 arrhabonem
1021 939 1109 1023 regni
1134 940 1180 1004 tui
1202 947 1265 1023 p'er

29 1093 30 1114 r
137 1047 311 1114 Dominum
344 1057 486 1115 nostrum
522 1048 629 1114 Jesum
660 1046 838 1129 Christum,
874 1069 933 1132 per
966 1068 1059 1131 quem
1085 1047 1156 1114 Tibi
1191 1068 1262 1114 cum

29 1173 30 1216 3
136 1153 223 1240 Ipso
236 1163 269 1222 et
291 1176 362 1222 cum
395 1154 516 1240 Spiritu
547 1162 659 1221 sancto
691 1154 836 1237 gloria
828 1176 860 1220 1n
891 1154 1018 1221 saecula
1049 1154 1259 1224 saeculorum}

135 1263 250 1330 Amen.
296 1261 418 1328 Deinde
441 1265 545 1344 signat
575 1263 697 1330 frontes
722 1283 831 1328 eorum
865 1265 954 1343 signo
985 1243 1150 1328 charitatis
1175 1284 1264 1329 oscu-

29 1355 30 1380 ³
136 1367 284 1454 latu'rqne
305 1381 364 1436 ’θοι
387 1369 513 1436 dicens:
550 1369 704 1436 Dominus
729 1370 902 1437 vobiscum.
951 1370 1109 1455 Baptizati
1131 1392 1262 1454 respon·

137 1474 232 1542 dent:
279 1476 417 1543 Etcum
452 1477 565 1563 spiritu
601 1482 668 1545 tuo.
714 1475 766 1543 Sic
792 1478 825 1544 in
848 1477 996 1561 singulis,
1029 1479 1082 1562 qui
1113 1477 1265 1563 baptizati

137 1589 209 1650 sunt
231 1581 319 1653 facit.

229 1733 282 1794 1·4.
318 1728 390 1794 Jam
416 1749 487 1794 cum
511 1733 581 1794 toto
603 1728 722 1814 populo
755 1728 872 1818 (fidelD
898 1734 1007 1812 orant,
1040 1729 1094 1814 qui
1126 1726 1263 1813 (fideles)

137 1855 190 1901 θοι
215 1837 398 1904 osculentur
420 1835 593 1921 gaudentes
615 1845 750 1922 propter
772 1857 828 1902 eos
852 1857 922 1903 cnm
942 1835 1145 1921 jubilatione.

231 2003 282 2064 15.
318 1975 439 2064 Deinde
463 1998 614 2066 diaconus
637 1997 753 2065 Missae
775 1997 991 2065 caeremonias
1017 1997 1144 2081 incipit,
1169 1997 1261 2082 Epis·

138 2123 239 2189 copus
261 2109 368 2171 autem
392 2105 495 2173 defert
524 2106 675 2191 reliquias
707 2105 851 2190 mysterii
879 2105 1024 2188 corporis
1048 2111 1080 2170 et
1103 2104 1265 2186 sanguinis

29 2239 30 2252 ι
138 2209 270 2279 Domini
292 2214 410 2298 nostri3
442 2213 571 2301 qnando
594 2223 700 2279 autern
723 2210 840 2294 finivit,
874 2213 1088 2279 communicat
1110 2209 1263 2298 populum

139 2321 296 2394 stonsad
319 2337 463 2386 mensam
486 2323 677 2404 corporis'et
694 2319 861 2403 ‘sanguinis
877 2319 1013 2386 Domini.
1061 2318 1265 2402 (communio

140 2435 251 2493 autem
272 2425 309 2492 fit
330 2427 392 2492 hoc
415 2426 538 2510 modo.)
585 2428 766 2512 Presbyteri
796 2433 928 2512 portant
953 2427 1074 2493 Calices
1105 2427 1266 2510 sanguinis

143 2532 261 2601 Christi
283 2540 315 2600 et
337 2534 418 2602 alios
440 2535 554 2603 calices
579 2536 670 2602 laetis
693 2542 725 2601 et
749 2534 869 2617 mellis,
894 2543 930 2600 nt
953 2534 1090 2601 doceant
1114 2555 1187 2616 θοι,
1213 2537 1267 2618 qui

141 2637 313 2726 participes
345 2643 426 2708 fiunt
461 2642 624 2727 (quit
560 2635 645 2709 lacte
667 2650 698 2707 et
731 2642 825 2708 melle
849 2638 1049 2725 vescuntur),
1085 2641 1201 2706 iterum
1232 2662 1266 2707 se

142 2755 236 2815 natos
258 2769 338 2831 esse,
363 2756 399 2816 ut
412 2749 546 2835 parvuli,
570 2749 647 2835 quia
669 2750 795 2834 parvuli
818 2756 988 2816 vescuntur
1009 2747 1093 2815 lacte
1107 2754 1139 2814 et
1161 2748 1265 2816 melle

141 2853 382 2945 Presbyteris
376 2879 439 2926 non
472 2858 696 2942 praesentibus
731 2857 788 2942 (ad
815 2857 993 2943 portandos
1026 2861 1105 2925 istos
1137 2855 1266 2942 calices)

143 2973 352 3051 apportentur
375 2989 394 3033 a
418 2967 569 3036 diaconis.
616 2965 738 3032 Deinde
767 2969 911 3052 porrigat
941 2965 1005 3033 illis
1027 2966 1205 3051 Episcopus
1219 2955 1268 3034 de

142 3093 280 3158 corpore
310 3074 427 3141 Christi
457 3074 579 3141 dicens:
616 3074 685 3142 Hoc
716 3081 765 3140 est
796 3095 913 3158 corpus
937 3074 1076 3156 Christi;
1111 3071 1157 3139 illi
1191 3095 1268 3142 vcro

29 3211 30 3218 ι
144 3178 269 3247 dicant:
293 3180 404 3246 Amen.
431 3179 547 3264 (Simili
563 3180 675 3264 modo)
699 3180 813 3264 quibus
829 3181 911 3246 calix
927 3183 1109 3266 porrigitur,
1135 3200 1271 3265 rospon-

29 3363 30 3378 ἶ
146 3288 259 3460 qqqlnt:
283 3289 392 3371 Amen,
417 3293 587 3374 postquam
613 3287 806 3372 (porrigens)
830 3286 930 3354 dixit:
968 3288 1049 3371 „Hic
1072 3294 1120 3354 est
1142 3287 1270 3370 sangnis

213 3393 299 3461 'sti.“
561 3421 564 3428 ·

234 3495 352 3586 Postea
374 3523 481 3585 antem
503 3523 636 3584 sumunt
664 3515 716 3584 lac
739 3523 771 3586 et
794 3517 858 3583 mel
881 3519 913 3584 in
937 3517 1123 3586 memoriam
1150 3519 1269 3587 saeculi

147 3627 245 3694 loturi
261 3633 293 3694 et
304 3625 480 3693 dulcedinis
504 3630 669 3710 bonorum,
694 3647 777 3712 qnae
799 3625 864 3693 illis
886 3627 983 3710 signis
1007 3633 1200 3710 annuuntnr,
1225 3631 1271 3694 ita

29 3755 30 3758 ’
148 3740 270 3804 utnon
301 3735 435 3802 redeant
465 3733 507 3802 ad
537 3734 783 3804 amaritudinem
812 3754 915 3818 neque
945 3733 1150 3822 dissipentur.
1195 3735 1268 3822 lam

149 3865 225 3912 vero
247 3843 329 3910 finnt
352 3842 525 3932 Christiani
546 3843 696 3930 perfecti,
728 3843 784 3930 qni
812 3844 960 3910 fruuntur
983 3843 1125 3930 Corpore
1152 3842 1271 3912 Christi

148 3959 180 4018 et
202 3949 401 4018 haereditate
425 3951 583 4035 accipiunt
605 3951 814 4036 sapientiam,
847 3971 910 4035 qna
933 3949 1135 4020 illustrentur
1164 3973 1271 4022 mores

29 4095 30 4112 r
141 4078 259 4126 'eorum
282 4055 461 4142 virtutibus,
485 4077 549 4124 non
569 4047 794 4126 'tantummodo
817 4077 925 4124 coram
941 4079 976 4126 ιθ
990 4059 1076 4146 ipsis,
1101 4059 1270 4127 sedetiam

142 4183 258 4236 ‘coram
280 4161 426 4236 omnibus
448 4167 605 4254 gentihus,
629 4187 711 4254 quae
726 4188 790 4236 non
805 4166 873 4236 sine
887 4165 1006 4234 invidia
1027 4165 1272 4236 admirabuntur
