3068 4758
210 517 275 603 (Pe.
295 521 347 600 54,
372 515 460 602 23.):
492 516 587 583 lacta
615 535 713 601 snper
746 516 919 585 Dominum
949 537 1060 585 curam
1089 523 1178 586 tuam
1208 503 1333 602 etipse

209 632 242 693 te
264 623 416 707 enutriet3
446 623 591 708 inprimis
615 630 724 690 eutem
739 622 868 690 Petrum
893 626 1072 712 apostolum
1099 624 1203 710 (audi)
1228 623 1332 690 dicen·

209 737 274 800 tem
289 732 321 816 (l
335 733 419 798 Petr.
430 736 459 813 5,
471 731 533 813 7.):
558 732 692 800 Omnem
713 732 956 800 sollicitudinem
973 741 1113 800 vestram
1129 733 1332 820 projicientes
1390 715 1403 730 ’

211 838 243 906 in
266 859 352 922 eum,
378 835 526 924 quoniam
549 839 611 924 ipsi
634 860 712 905 cura
736 846 785 906 est
809 841 849 906 de
871 839 972 908 vobis.

298 943 361 1012 Ubi
385 953 489 1011 antem
513 944 721 1012 Adversarius
751 946 855 1029 videt,
888 947 1049 1014 hominem
1072 948 1118 1014 ita
1140 945 1335 1014 invalescere

212 1052 259 1138 (et
282 1051 324 1118 ad
347 1049 550 1118 sublimiores
572 1054 705 1118 virtutes
729 1052 904 1137 progredi),
930 1053 1068 1120 secundo
1092 1075 1209 1137 genere
1231 1059 1333 1120 tenta·

210 1159 307 1226 tionis
342 1179 413 1224 eum
448 1157 643 1242 aggreditur.
693 1159 862 1226 Constituit
897 1160 980 1226 enim
1017 1182 1088 1226 eum
1111 1159 1142 1226 in
1164 1161 1335 1244 pinnaculo

210 1265 338 1351 templi,
374 1265 394 1332 i.
421 1287 447 1332 e.
484 1265 517 1331 iu
552 1285 666 1349 magna
701 1265 909 1350 perfectione
936 1267 1098 1362 virtutum.
1151 1265 1244 1346 Quod
1282 1265 1336 1332 ubi

212 1371 330 1441 iactum
357 1381 414 1456 est,
439 1373 549 1440 suadet
566 1376 682 1454 animo,
708 1380 744 1440 ut
766 1395 860 1440 omne
883 1375 1022 1441 studium
1048 1375 1173 1441 virtutis
1196 1373 1334 1461 abjiciat,

213 1481 298 1568 quod
322 1481 518 1566 significatur
542 1501 579 1546 eo
603 1479 753 1563 consilio,
787 1487 822 1546 ut
845 1503 883 1548 ex
906 1481 962 1549 illo
988 1481 1069 1567 (alto
1090 1481 1275 1567 pinnaculo)
1300 1501 1335 1550 so

213 1587 266 1656 det
289 1589 507 1674 praecipitem.
545 1587 630 1652 Dicit
646 1587 729 1666 enim
755 1587 924 1671 (tentator)
947 1589 1086 1656 homini:
1111 1587 1219 1655 Virtus
1242 1588 1336 1655 nimis

213 1697 314 1764 ardua
342 1702 407 1778 est,
439 1715 541 1780 neque
562 1695 683 1778 poteris
706 1693 838 1762 sufferre
872 1677 1015 1762 laborem
1047 1719 1106 1782 pro
1136 1701 1206 1762 tota
1239 1702 1336 1764 terra.

214 1805 327 1888 Itaque
365 1801 497 1888 impedit
529 1823 609 1884 eum,
647 1803 814 1886 quominus
847 1805 1033 1871 recordetur
1057 1804 1247 1886 Salvatoris,
1283 1803 1372 1888 qui·

213 1909 307 1977 dicit:
333 1907 441 1975 Nolite
464 1907 590 1976 solliciti
615 1931 683 1975 esse
707 1913 738 1975 in
762 1911 934 1976 crastiuum
960 1911 1089 1996 (Matth.
1116 1915 1144 1994 6,
1172 1911 1239 1993 34).
1286 1909 1335 1976 De

73 2062 79 2074 ι
214 2018 300 2085 omni
317 2021 411 2100 enim,
438 2019 492 2101 qui
514 2040 573 2104 per
588 2017 760 2085 Diabolum
777 2021 819 2086 ad
836 2018 984 2085 virtutem
1000 2017 1142 2086 elevatur
1165 2017 1213 2102 (id
1228 2001 1337 2100 valet),

213 2127 300 2213 qnod
324 2126 401 2193 dicit
425 2126 622 2212 (scriptura),
648 2149 719 2192 eum
739 2129 913 2193 adductum
934 2147 1001 2204 esse
1016 2127 1049 2192 in
1065 2111 1225 2192 oirit‘atem
1249 2145 1340 2191 sanc·

213 2242 290 2301 tam.
320 2233 469 2300 Attamen
489 2254 551 2298 nou
570 2237 783 2316 perseverant,
805 2235 880 2317 quia
898 2232 1032 2299 virtutes
1046 2253 1109 2298 non
1126 2231 1340 2315 acquisierunt

214 2347 347 2427 propter
362 2343 474 2422 Deum,
499 2339 555 2407 sed
576 2345 707 2425 propter
730 2359 843 2406 vanam
867 2339 1011 2422 gloriam,
1035 2360 1118 2425 quae
1134 2345 1182 2407 est
1198 2359 1339 2424 serpens,

216 2455 249 2516 et
266 2447 476 2528 solummodo,
502 2454 537 2512 ut
552 2448 747 2512 honorentur
763 2449 803 2510 ab
820 2445 1008 2512 hominibus.
1043 2445 1093 2513 Illi
1117 2452 1229 2530 postea
1251 2463 1342 2532 prae·

217 2555 385 2640 cipitentur
420 2553 461 2620 ad
496 2554 562 2620 ima
589 2551 799 2638 apiunaculo
833 2552 944 2638 templi
980 2559 1012 2618 et
1043 2553 1195 2620 interiora
1231 2572 1343 2617 eorum

216 2662 454 2750 disrumpuntur
470 2670 502 2729 et
517 2659 595 2728 foris
612 2667 775 2748 apparent,
801 2681 881 2747 quae
898 2661 1040 2728 interius·
1050 2659 1336 2741 abscondebantur,

215 2775 248 2837 et
269 2771 307 2836 fit
339 2769 430 2836 irrita
465 2769 567 2853 major
591 2789 666 2852 pars
703 2789 822 2850 eorum,
858 2789 940 2854 quae
975 2767 1083 2853 (bene)
1120 2773 1250 2850 egerunt
1278 2765 1337 2832 illi.

215 2876 318 2961 Igitur
342 2896 380 2942 ea
402 2877 492 2958 hora,
518 2896 580 2960 qua
604 2873 734 2942 loedere
758 2879 897 2960 quodam
913 2896 1020 2942 coram
1037 2875 1097 2942 deo
1118 2897 1153 2942 se
1171 2873 1342 2955 obstringit

215 2985 311 3052 homo
337 2983 392 3068 (ad
415 2981 620 3069 perfectionis
644 2982 798 3068 studium)
829 2989 924 3069 atque
958 2983 1053 3050 etiam
1076 2987 1202 3066 postea,
1233 2987 1342 3047 caveat

216 3113 339 3161 summo
373 3091 488 3173 studio,
525 3111 564 3158 ne
589 3091 716 3158 decidat
740 3091 844 3174 inid,
882 3089 968 3176 qnod
1001 3091 1153 3174 scriptum
1186 3093 1251 3155 est:
1294 3089 1341 3155 Ne

215 3207 318 3269 tentes
333 3197 504 3267 Dominum
531 3197 625 3263 deum
642 3203 732 3265 tuum
756 3198 863 3282 (Deut.
883 3201 911 3279 6,
940 3196 1006 3280 16.)
1043 3195 1110 3264 Nisi
1136 3201 1219 3262 enim
1242 3197 1340 3264 homo

215 3307 339 3392 vigilet,
376 3306 526 3392 omnique
556 3306 637 3373 horu
668 3313 852 3391 perseveret
883 3305 1090 3370 incontinua
1121 3305 1342 3371 recordatione

217 3405 278 3498 dei,
302 3417 333 3482 in
357 3413 577 3481 Idololatriam
602 3413 769 3495 delabitur,
794 3433 895 3495 neque
920 3421 1027 3478 tamen
1050 3415 1132 3478 soire
1148 3411 1228 3479 solet
1243 3411 1341 3478 homo

218 3520 321 3607 qualis
337 3521 378 3588 sit
398 3520 454 3587 illa
477 3520 675 3602 Idololatria,
699 3519 754 3588 sed
769 3518 1014 3603 cogitationibus
1037 3519 1101 3586 suis
1116 3518 1342 3612 tantummodo

218 3629 252 3695 id
273 3627 417 3710 revolvit,
447 3647 480 3696 se
503 3649 573 3715 esse
597 3628 813 3712 praeelectum
839 3646 935 3712 seque
958 3646 1026 3693 esse
1049 3625 1223 3709 meliorem,
1248 3649 1366 3722 quam·

219 3735 337 3804 caeteri
360 3734 515 3803 homines.
552 3736 640 3801 Haeo
663 3741 769 3801 antem
786 3737 835 3800 est
854 3733 1005 3819 superbia
1020 3736 1114 3802 foeda
1138 3755 1245 3801 coram
1262 3733 1342 3800 Deo.

219 3843 356 3924 Quando
381 3842 528 3911 diabolus
552 3844 723 3927 persuadet
745 3841 849 3923 alicui,
873 3863 907 3908 se
928 3861 996 3908 esse
1018 3843 1183 3910 meliorem
1207 3841 1343 3920 caeteris

216 3951 398 4020 hominibus
433 3952 593 4033 omnibus,
629 3970 739 4017 revera
763 3949 796 4015 id
830 3947 870 4015 ab
903 3969 940 4017 eo
969 3951 1036 4035 jam
1071 3949 1271 4033 impetrarit,
1308 3942 1345 4014 nt

217 4065 397 4147 prostratus
429 4059 541 4128 adoret
572 4077 623 4142 se,
661 4058 814 4144 ignorans
850 4075 961 4127 vocem
983 4057 1130 4140 Domini,
1164 4075 1230 4142 qna
1265 4054 1345 4123 dioIt
