3068 4758
200 458 207 482 .
289 419 330 484 92

290 593 457 663 XXXIV.
505 592 615 663 Canon
654 593 839 678 trigesimos
872 583 1015 677 qnortns.
1063 589 1115 659 De
1144 590 1347 675 mattrioqnio
1380 593 1410 656 et

209 697 213 704 ¹
288 713 424 780 clamore
458 712 597 781 nando.
651 709 704 778 Dc
736 711 858 778 sanctis
891 711 927 775 in
963 709 1150 777 habitaculo
1182 707 1329 792 fidetium
1361 707 1411 773 in·

766 825 936 894 trontibns.

378 1021 425 1090 Ne
449 1021 518 1109 quis
546 1019 678 1114 multum
709 1019 857 1106 loquatur
889 1041 966 1088 neve
1000 1007 1128 1101 elernet,
1160 1041 1200 1087 ne
1232 1018 1316 1086 forte
1348 1016 1412 1111 (in-
1521 1055 1522 1080 i

287 1129 412 1215 fideles)
436 1154 492 1198 vos
507 1129 668 1212 irrideant,
692 1150 773 1196 neve
789 1128 857 1196 sitis
874 1127 937 1213 (pr.
954 1127 1029 1212 sint)
1052 1126 1202 1194 scandalo
1216 1125 1409 1208 horninibus,

289 1241 334 1306 ita
350 1245 387 1306 ut
401 1238 434 1303 in
450 1236 675 1305 contumeliam
698 1241 840 1304 vertatur
860 1235 1004 1302 invitatio
1019 1243 1134 1316 vestra,
1159 1255 1229 1300 curn
1246 1237 1409 1322 appareat,

289 1365 345 1413 vos
363 1367 381 1411 a
397 1343 483 1411 bono
507 1343 618 1412 ordine
641 1346 801 1410 aberrare.
850 1340 913 1407 Sed
936 1341 1152 1428 unusquisque
1174 1341 1322 1410 continuo
1339 1361 1410 1406 cum
1520 1401 1522 1440 ἱ

290 1456 360 1518 toto
383 1449 506 1519 familia
540 1472 599 1518 sua
630 1450 714 1516 hunc
748 1449 881 1534 (bonnm
905 1449 1062 1533 ordinem)
1098 1448 1159 1516 sibi
1193 1453 1335 1531 arroget
1345 1449 1412 1516 vin·

153 1583 160 1602 ¹
293 1559 454 1645 dicetque,
491 1565 526 1626 ut
560 1559 715 1644 appareat
749 1558 905 1625 modestia
940 1559 1181 1643 uniuscujusque
1213 1561 1413 1624 nostramet

291 1665 472 1734 obtineatur
510 1687 623 1748 magna
663 1664 798 1750 dignitas
835 1664 1001 1756 exemplis,
1026 1665 1106 1747 illis,
1146 1685 1226 1748 quae
1258 1667 1290 1730 in
1321 1664 1414 1734 nobis
1520 1744 1522 1764 A

290 1775 539 1860 conspiciuntur.
586 1776 665 1842 Oret
696 1781 802 1844 autem
835 1776 984 1860 quisque,
1015 1783 1051 1842 ut
1080 1775 1182 1842 sancti
1211 1773 1343 1858 (angeli)
1367 1773 1414 1838 in·
1521 1765 1522 1784 *

214 1944 218 1953 .
290 1885 421 1971 troiani
439 1885 497 1950 sub
521 1888 640 1949 tectum
671 1885 756 1966 ejus,
790 1882 866 1949 dicit
897 1873 981 1948 enim
1011 1881 1153 1949 salvator
1185 1886 1316 1948 noster:
1349 1881 1414 1948 Vos

291 1989 366 2056 estis
390 1988 437 2055 sal
460 1995 575 2057 terrae.
623 1986 749 2073 (Mattb.
777 1994 806 2071 5,
835 1987 901 2072 13.)

380 2132 515 2212 Quando
548 2139 654 2197 autern
677 2133 853 2214 Episcopus
885 2129 1116 2196 sermocinatur
1138 2124 1264 2211 sedens,
1296 2127 1416 2194 caeteri

292 2237 414 2304 lucrum
439 2236 634 2322 (spirituale)
658 2236 830 2319 habebunt,
855 2257 956 2322 neque
978 2237 1047 2321 ipse
1070 2236 1137 2301 sine
1163 2235 1251 2301 lucro
1275 2235 1345 2300 erit.
1445 2263 1449 2270 ·

323 2383 327 2415 '¹
380 2379 414 2446 Si
436 2383 540 2445 autern
567 2379 696 2446 absente
719 2379 877 2464 Episcopo
908 2377 1077 2464 presbyter
1099 2377 1205 2459 adest,
1237 2397 1347 2442 omnes
1373 2374 1416 2440 ad

294 2504 364 2551 eum
388 2492 622 2568 convertantur,
647 2487 720 2568 quia
743 2486 811 2571 ipse
831 2487 977 2570 superior
993 2493 1040 2552 est
1062 2483 1194 2551 caeteris
1210 2483 1241 2548 in
1261 2483 1412 2564 Domino,

291 2591 512 2677 honorentque
536 2615 607 2660 eum
631 2597 711 2660 siout
733 2594 909 2660 honoratur
931 2593 1122 2678 Episcopus,
1148 2611 1225 2676 neve
1248 2597 1415 2656 conturna·

292 2697 370 2764 citer
404 2698 450 2764 illi
480 2700 695 2769 adversentur.
745 2703 818 2787 Ipse
849 2721 925 2767 vero
958 2699 1128 2766 distribuat
1161 2717 1274 2782 panem
1304 2695 1415 2782 ¹(eulo-
1503 2699 1508 2713 '

292 2805 444 2890 giorum),
469 2829 561 2890 quem
585 2810 712 2890 frangat
735 2816 808 2873 ante
831 2807 908 2873 solis
941 2825 1102 2887 occasum,
1136 2812 1304 2890 antequam
1337 2825 1412 2870 ceu·

275 2903 438 2994 sidant,
463 2920 498 2979 ut
521 2913 598 2978 de'ns
622 2935 744 2999 agapen
769 2935 878 2980 corum
902 2919 1085 2998 praeservet
1106 2912 1258 2978 atimore
1280 2910 1413 2994 inimici,
1521 2937 1522 2940 ¹

292 3024 389 3102 utque
412 3023 543 3104 surgant
565 3018 642 3086 salvi
665 3018 697 3083 in
722 3023 807 3085 bone
829 3018 939 3084 salute.
1012 3084 1014 3092 ,

205 3405 207 3409 ,
294 3335 442 3403 XXXV.
484 3335 595 3403 Conon
617 3338 802 3422 tripesimns
825 3337 966 3422 qnintns.
1013 3335 1065 3403 Dc
1087 3337 1220 3406 dicente
1243 3346 1418 3422 praesente
1521 3345 1522 3426 i

291 3454 328 3519 in
342 3451 464 3536 Apnpa
483 3452 546 3519 ioco
561 3454 742 3538 presbyteri
758 3454 905 3534 absentis,
932 3474 1061 3538 conque
1070 3475 1165 3536 posse
1179 3455 1272 3522 iiiios
1286 3456 1417 3522 munere

289 3567 387 3654 fungi
401 3570 436 3634 in
450 3570 592 3638 oratione
606 3575 637 3635 et
652 3570 810 3652 fractione
823 3572 925 3652 ponis
939 3569 1171 3652 benedictionis,
1188 3592 1286 3656 neqnc
1309 3577 1418 3638 tamen
1521 3557 1522 3564 ἵ

550 3687 586 3751 in
609 3705 737 3769 corpore
761 3685 926 3772 (domini).
973 3685 1026 3754 De
1046 3688 1165 3756 nona.

383 3897 542 3965 Diaconos
573 3898 605 3964 in
628 3897 751 3984 Agepe,
788 3903 921 3966 absente
955 3904 1152 3986 presbytero,
1189 3899 1288 3966 vicem
1325 3909 1417 3985 gerat

190 3996 216 4041 ·'
293 4008 500 4094 presbyteri,
537 4013 691 4089 quantum
726 4008 863 4092 pertinet
893 4006 934 4072 ad
966 4010 1140 4075 orationem
1169 4012 1200 4108 ei
1230 4008 1418 4078 tractionem

199 4108 221 4172 .'
293 4115 395 4198 panis,
418 4134 510 4200 quem
535 4113 675 4182 invitatis
698 4109 878 4182 distribuat.
916 4113 1012 4182 Laico
1037 4119 1143 4182 autern
1167 4136 1232 4184 non
1256 4118 1414 4202 convenit,
