3068 4758
1252 413 1313 476 109

196 581 412 650 Tertullianus
446 583 577 668 proprio
609 580 691 650 libro
724 583 941 652 montanistioe
975 585 1176 670 1111111111)
1206 587 1315 668 ¹Quod

196 709 352 776 matribus
370 709 557 778 Christianis
581 708 786 794 praecipitur,
810 715 846 774 ut
861 709 948 796 ipsae
972 709 1054 778 filios
1069 733 1145 780 suos
1160 716 1313 797 nutriant,

195 856 274 902 neve
296 832 471 902 nutricibus
494 834 632 902 osticium
656 839 835 900 maternum
858 833 980 918 1111111,
1004 835 1120 921 insigni
1142 839 1316 906 attentione

197 963 327 1048 mgnum
366 982 436 1028 esso
473 961 607 1028 videtur.
642 993 685 1010 -—
723 959 812 1040 Quae
850 963 891 1030 de
928 963 1060 1032 scientia
1104 969 1316 1051 quarumdam
1446 973 1451 982 '

196 1087 405 1156 foeminarum
428 1087 602 1192 praestanti
632 1087 795 1172 dicuutur,
832 1088 874 1158 ad
904 1089 1044 1158 visiones
1072 1097 1103 1158 et
1132 1091 1317 1178 prophetias

196 1217 357 1299 pertinere
378 1212 535 1280 videntur.
957 1295 963 1302 ¹

286 1340 379 1420 Quod
401 1339 574 1408 secuudum
605 1361 710 1406 meam
740 1339 1034 1428 interpretationem
1067 1343 1107 1408 do
1130 1342 1316 1426 inspectrice

195 1445 326 1570 (1141))
361 1469 560 1532 caeterarum
584 1462 796 1531 foeminarum
822 1464 946 1549 dicitur,
981 1467 1022 1533 de
1054 1465 1240 1534 diaconissis
1269 1471 1317 1537 vel

197 1589 310 1673 viduis,
337 1589 549 1659 ecclesiastico
573 1590 679 1660 officio
703 1592 906 1676 consecratis,
931 1590 1171 1676 intelligendum
1194 1598 1259 1676 est,
1291 1593 1318 1660 si

195 1712 277 1781 bene
314 1715 538 1800 interpretatus
572 1736 651 1783 sum.
699 1716 818 1782 Fateor
846 1715 948 1797 euim,
966 1741 968 1746 ·
988 1716 1117 1784 dubiam
1152 1715 1226 1782 mibi
1250 1736 1318 1784 osse

197 1838 287 1908 illam
310 1844 503 1924 versionem,
528 1862 591 1928 qua
615 1849 722 1908 autem
746 1841 910 1910 meliorem
934 1861 996 1908 nou
1019 1840 1134 1910 habeo.

262 2015 267 2020 -
288 1967 445 2054 adjuncta
460 1973 509 2034 est
523 1966 596 2034 huic
618 1965 731 2034 canoni
754 1966 986 2034 animadversio
1011 1966 1050 2034 dc
1071 1967 1315 2054 catechumenis,

195 2097 239 2162 de
262 2095 377 2180 quibus
400 2114 502 2162 canon
525 2114 659 2180 sequeus
682 2092 807 2178 plenius
834 2092 996 2162 tractabit.

289 2218 414 2302 Ratio„
432 2240 489 2286 cur
520 2223 561 2288 de
583 2213 816 2286 catechdmeuis
845 2226 877 2286 et
900 2218 1084 2288 mulieribus
1107 2218 1254 2288 fidelibus
1276 2221 1319 2290 si·

198 2343 265 2412 mul
289 2351 458 2430 tractetur,
482 2345 516 2414 iu
540 2367 579 2414 so
603 2345 786 2430 quaerenda
809 2351 868 2430 est,
902 2345 989 2430 quod
1011 2343 1151 2428 gravidis
1173 2365 1320 2415 accessus

198 2469 240 2536 ad
264 2469 430 2538 ecclesiam
455 2471 551 2538 simili
575 2469 670 2540 modo
693 2470 873 2560 prohibitus
897 2476 983 2552 erat,
1014 2490 1053 2536 ac
1075 2470 1318 2538 catechumenis.

289 2596 415 2678 „Oreut
438 2595 683 2678 (catechumeni)
708 2595 846 2682 separati
870 2615 890 2660 a
913 2593 1131 2662 Christianis.“
1174 2577 1342 2678 Origines

201 2717 291 2803 dicit,
331 2720 575 2790 catechumenos
608 2717 679 2784 κατ’
714 2718 807 2788 toccu
846 2741 933 2804 esse,
972 2719 1073 2787 donee
1111 2721 1319 2806 baptizentur.

163 2839 178 2868 ⁸
200 2847 241 2932 (c.
266 2845 392 2914 Celsum
417 2848 475 2914 111.
499 2846 566 2932 51.)
1286 2922 1290 2934 ,

288 2971 337 3036 De
352 2969 734 3056 tormiuopurilicatiouis
749 2968 801 3036 hic
815 2989 918 3036 canon
934 2988 954 3034 a
969 2967 1146 3056 posteriore
1163 2968 1254 3053 (Can.
1266 2971 1320 3056 18)

200 3095 315 3164 differt.
334 3132 374 3146 ·-
399 3095 571 3186 Proselytis
587 3095 636 3174 ,ud
665 3095 958 3164 catechumenatum
982 3094 1186 3162 admittendis
1210 3117 1321 3164 manus

181 3221 367 3308 ,impositas
396 3243 473 3304 esse,
506 3243 576 3290 cum
602 3230 715 3292 nostro
744 3241 867 3288 eauoue
889 3225 1048 3288 testantur
1072 3221 1319 3290 constitutiones

200 3369 252 3434 ap.
270 3347 339 3414 Vll.
364 3369 392 3414 o.
411 3352 452 3414 39
477 3347 596 3432 (Migue
610 3369 641 3433 p.
659 3351 752 3428 1010,
770 3346 833 3429 Β.)
869 3343 1043 3414 0111111111
1064 3347 1181 3414 ibidem
1206 3347 1321 3418 dicitur

201 3471 455 3558 ἀχειροθετῶν.
504 3473 552 3539 Ad
577 3491 670 3556 quem
693 3471 796 3540 locum
822 3469 1012 3538 Gotelerium
1036 3470 1123 3539 andi.

291 3600 395 3668 bouus
418 3597 457 3664 ds
480 3596 620 3666 velandis
652 3595 827 3682 virginibus
854 3603 996 3664 tractans
1019 3595 1099 3664 baec
1127 3595 1226 3664 habat
1248 3596 1321 3666 sub·

201 3761 355 3826 aaa:
402 3741 481 3844 ...s
515 3739 688 3854 aas.
730 3735 837 3864 ,uc
882 3720 994 3820 Lu
1036 3742 1105 3832 11
1146 3741 1321 3851 „aaa

1056 3913 1197 3996 ω»
1228 3909 1321 4016 aab

201 4021 416 4038 m

275 4129 303 4201 1)
321 4130 365 4190 De
383 4129 510 4192 usluudis
528 4127 693 4202 virginibus.
729 4129 784 4190 Ed.
802 4130 907 4202 lligus,
925 4133 946 4188 t.
965 4129 1003 4188 11.
1020 4147 1049 4203 p.
1062 4131 1116 4188 887
1133 4143 1210 4200 seqq.
