3074 4780
210 398 250 461 10

52 609 60 624 ι
166 590 168 596 ’
204 574 299 638 etiam
337 572 532 640 Graecorum
567 578 713 657 recepta,
757 570 966 656 scriptoribus
1002 570 1152 638 Codicum
1191 569 1339 639 arabicis·

203 679 406 748 difficultates
429 679 545 748 attulit.
582 679 775 750 Praescribit
799 679 880 744 euim
908 700 1009 746 canon
1029 683 1078 745 17.
1108 685 1143 744 ut
1166 677 1325 747 foeminae

119 889 127 897 α
200 805 341 890 juniores
363 802 505 872 velentur
525 825 588 872 non
604 827 709 891 panno
732 803 847 884 subtili,
873 805 929 870 sed
952 787 1137 898 &stibio
1180 804 1214 870 Si
1237 803 1342 887 legns'
1395 898 1411 912 ι

203 911 378 1020 (ΝΛΜ
407 928 510 1029 iorma
533 929 640 1014 aliquo
664 929 777 1009 modo,
810 927 864 994 sed
888 919 1062 994 reluctante
1085 949 1161 1008 usu,
1195 911 1324 996 arabice
1442 950 1453 958 ·

204 1055 370 1138 explanari
394 1045 516 1140 potest:
551 1037 770 1140 „adipsarum
787 1055 1023 1120 commodum.“
1063 1053 1196 1121 Omnem
1214 1059 1320 1121 antem

205 1159 436 1228 dubitationem
468 1161 552 1228 tollit
584 1160 765 1228 Didascalia
796 1160 920 1245 coptioo
951 1158 994 1245 (p.
1014 1160 1090 1244 50),
1131 1183 1325 1248 quamquam

204 1268 371 1349 sententia
396 1272 444 1334 oui
469 1267 524 1354 iila
548 1289 608 1334 vox
630 1268 751 1335 inserta
775 1274 831 1348 est,
856 1267 1053 1334 contradicat
1076 1273 1186 1334 nostro
1203 1269 1324 1336 canoni.

206 1372 388 1442 Didascalia
400 1375 482 1440 enim
494 1375 666 1442 secundnm
679 1376 854 1442 versionem
867 1374 1029 1458 Anglioam
1045 1375 1159 1440 habet·
1184 1375 1323 1456 „Omnes

204 1487 308 1547 antem
334 1483 491 1549 foeminae
513 1503 552 1547 ne
574 1484 760 1567 cooperiant
789 1481 894 1566 capita
922 1501 978 1546 sua
999 1479 1114 1566 palliis,
1140 1425 1196 1548 sed
1218 1503 1324 1598 panno

203 1587 310 1656 subtili
335 1587 533 1674 bombycino,
557 1589 619 1656 hoc
641 1589 722 1656 enim
749 1611 855 1656 eorum
882 1587 981 1654 velum
1008 1591 1087 1658 est.⁴‘

293 1746 412 1814 Intex
374 1752 447 1814 extu
479 1747 602 1831 coptioo
641 1747 773 1832 legimus
805 1701 935 1826 παλλιν,
972 1745 1057 1832 quod
1089 1745 1211 1812 editore
1244 1751 1324 1813 teste

203 1854 306 1922 Arabs
342 1853 499 1940 interpres
530 1854 669 1922 retinnit.
716 1856 882 1922 Tattamus
913 1859 1062 1936 annotat,
1098 1872 1132 1920 se
1164 1854 1321 1938 ignorare,

203 1981 292 2065 cujus
326 1979 450 2062 generis
488 1979 549 2046 hoo
585 1978 802 2046 indumentum
839 1958 968 2066 vullis
1005 1977 1109 2046 suerit.
1165 1977 1323 2062 Suspioari

204 2085 294 2168 licet,
329 2085 428 2152 latere
460 2086 589 2152 latinam
624 2107 730 2152 vocem
770 2085 952 2168 ,‚pallium“,
989 2106 1072 2170 quoe
1100 2089 1166 2172 jam
1198 2085 1321 2168 pridem

203 2213 223 2258 a
255 2192 469 2277 Scriptoribus
511 2195 640 2259 Graecis
682 2195 837 2276 adoptata
876 2197 934 2256 est.
997 2192 1046 2258 Du
1083 2191 1201 2276 Oangio
1242 2189 1338 2258 teste
1369 2213 1374 2224 ·

204 2299 247 2391 (v.
271 2294 427 2381 παλλιον)
452 2297 625 2382 Gregorius
650 2297 862 2362 Nazianzenus
893 2297 954 2362 hoo
987 2299 1139 2367 vocabulo
1164 2320 1238 2366 usus
1262 2305 1321 2365 est.
1378 2370 1384 2378 ,

294 2457 441 2535 Quodsi
432 2469 463 2522 in
481 2459 707 2524 recentioribus
724 2458 947 2542 manuscriptis
962 2458 1052 2543 pallii
1068 2459 1223 2544 quaedam
1237 2481 1323 2526 reso·

203 2581 311 2648 nantia
353 2582 528 2664 invenitur,
567 2603 642 2649 vera
676 2585 767 2664 origo
809 2583 929 2650 arabici
968 2583 1111 2649 vocabuli
1149 2568 1322 2682 (μὴ

128 2780 133 2785 t
203 2685 332 2764 πέπλος
355 2672 404 2756 vel
427 2691 553 2776 peplum
579 2690 676 2757 luisse
701 2689 834 2772 videtur,
863 2712 951 2776 quae
970 2713 1071 2756 vore
1054 2691 1149 2756 etiam
1172 2713 1193 2756 a
1215 2690 1323 2759 latinis

202 2804 333 2882 recepta
355 2804 415 2864 eet

295 2922 378 2986 Haec
402 2922 509 2988 omnia
525 2928 556 2986 et
572 2921 635 2987 alia
658 2921 704 2987 ita
726 2931 800 2989 sunt
824 2923 1010 3007 composita,
1035 2931 1069 2986 ut
1092 2922 1174 2984 inter
1198 2927 1321 2986 textum

201 3048 349 3110 graecum
383 3035 414 3094 et
445 3028 599 3114 coptionm
633 3029 771 3114 ambigui
809 3021 1013 3108 lraereamus;
1056 3011 1249 3110 quamquam
1280 3025 1321 3090 ad

202 3133 357 3216 coptionm
383 3133 481 3216 magis
504 3155 625 3218 pronae
648 3144 723 3202 sunt
745 3137 895 3214 rationes
923 3137 997 3218 quia
1014 3131 1074 3198 loci
1100 3152 1210 3196 omnes
1233 3137 1322 3197 textu

202 3239 326 3325 coptioo
358 3241 523 3326 supposito
557 3243 769 3326 explicantur,
808 3241 911 3306 nulius
943 3246 1047 3304 autem
1079 3237 1322 3314 iocusxexcluso
1392 3237 1397 3242 ’

110 3411 114 3421 ,
203 3345 326 3432 coptioo
351 3369 499 3432 graecum
525 3355 683 3432 exposcat.
732 3350 877 3427 Accedit,
910 3348 995 3428 quod
1019 3345 1050 3410 in
1075 3367 1138 3412 uno
1162 3344 1232 3412 loco
1256 3368 1322 3412 ves·

202 3454 314 3537 tigium
338 3454 432 3522 fontis
455 3456 570 3540 coptici
594 3461 714 3521 certum
745 3454 909 3520 remansit.
957 3452 1085 3520 Oenone
1110 3457 1189 3520 enirn
1216 3454 1322 3538 penul-

203 3562 280 3628 timo
313 3562 514 3647 praecipitur,
554 3569 589 3628 ut
620 3563 760 3630 habeant
791 3561 896 3628 clerici
929 3561 1115 3629 vestimenta
1148 3568 1261 3628 ornata
1291 3565 1323 3626 et
1398 3605 1401 3616 ·

154 3734 156 3742 s
204 3669 366 3754 ‚‚dhubin“
392 3668 440 3736 vei
473 3669 611 3750 „tubis“.
659 3669 745 3736 Haeo
769 3691 829 3735 vox
852 3691 891 3734 ex
915 3669 1020 3752 lingua
1043 3667 1172 3735 arabica
1195 3675 1322 3732 mutata

203 3777 360 3861 scriptura
383 3783 561 3842 contortam
578 3777 732 3862 quandem
751 3776 1008 3857 significationem
1025 3775 1147 3857 recipit.
1183 3771 1321 3839 Omnino
1341 3853 1353 3866 ,

202 3880 295 3966 plane
319 3889 424 3948 autem
449 3884 605 3950 sententia
629 3883 743 3963 currit,
778 3883 804 3948 si
828 3882 983 3966 coptionm
1016 3879 1143 3946 verbnm
1177 3877 1319 3958 „toubo“

204 3987 373 4074 purificare
395 3989 594 4056 adhibemus.
642 3991 691 4072 (V.
717 3990 937 4056 annotationes
967 3987 1008 4054 ud
1032 4006 1099 4054 cun.
1126 3985 1202 4070 37.)-

292 4112 378 4196 Ouae
401 4134 472 4180 cum
495 4115 539 4182 ita
563 4115 635 4196 sint,
661 4115 727 4180 fieri
753 4114 868 4198 potnit,
893 4122 926 4179 nt
943 4114 1087 4180 Oenones
1112 4119 1234 4182 veteres
1256 4130 1321 4178 ser·
