3068 4758
293 407 352 500 ,es

307 559 486 666 invisibilia.
534 580 778 665 Philosophatur
810 587 978 667 praeterea
1014 580 1203 666 Hippolytus
1234 581 1267 646 in
1298 577 1431 647 homilia

213 764 217 782 ,
309 715 420 791 contra
443 705 578 773 Nottnm
601 706 619 791 fi
639 711 678 772 10
703 672 766 791 (ed.
794 706 953 789 Lagarde)
977 727 1008 790 p.
1023 712 1062 772 bl
1089 706 1128 772 de
1152 706 1270 774 mundo
1295 703 1432 793 αόροίτφ

308 841 341 900 et
364 827 484 917 ὁρατῷ.
912 799 916 809 ¹

395 988 448 1056 11.
485 989 544 1056 Hic
574 1012 675 1058 canon
708 1012 778 1056 cum
810 991 902 1057 initio
934 989 1006 1057 libri
1039 989 1205 1085 Hippolyti
1240 992 1279 1055 de
1303 989 1430 1056 ordina·
1529 1035 1530 1054 i

226 1138 228 1142 ·
306 1116 446 1184 tionibus·
468 1115 605 1198 (Fabric.
638 1108 667 1200 p.
694 1121 757 1182 248
782 1111 884 1202 seqq.)
917 1125 948 1180 et
972 1115 1076 1199 capite
1100 1117 1195 1182 tertio
1228 1115 1301 1180 libri
1326 1110 1429 1180 octavi
1529 1153 1530 1174 t

306 1241 565 1307 constitutionum
597 1216 993 1328 Apscomparandusest.
1041 1241 1148 1309 Verba
1178 1223 1238 1313 tls
1255 1258 1316 1334 Q*
1337 1219 1429 1345 >Q

306 1347 431 1452 „publi
454 1387 518 1432 non
543 1363 582 1430 de
605 1363 757 1430 electione
781 1386 845 1448 per
868 1371 970 1431 totum
993 1365 1166 1450 populum,
1199 1365 1255 1430 sed
1284 1386 1328 1429 ex
1359 1371 1431 1431 toto

307 1490 424 1575 populo
448 1488 689 1572 interpretanda
711 1497 833 1572 essent,
858 1489 917 1556 nisi
941 1512 992 1555 res
1016 1489 1087 1574 ipsa
1111 1497 1143 1555 et
1166 1490 1322 1555 autoritas
1347 1488 1432 1554 Gon-

305 1616 503 1682 stitutionum
527 1614 614 1681 aliud
637 1615 818 1681 suaderent.
862 1611 1066 1678 Ἐπίσκοπον
1089 1665 1173 1681 ....
1209 1610 1279 1676 ὑπό
1300 1613 1432 1688 norro}

303 1742 365 1804 τοῦ
385 1735 473 1802 λαοῦ
495 1734 732 1822 ἐκλελεγμένον.
769 1739 923 1805 Convenit
939 1737 1129 1824 Hippolytus
1145 1759 1285 1821 graecus.
1323 1739 1434 1807 Verba

305 1864 386 1960 «λῳ,
415 1845 468 1922 §la
499 1863 697 1947 obscuriora,
723 1863 763 1929 ad
788 1867 919 1930 virtutes
943 1865 1101 1948 pertinere
1125 1863 1280 1946 videntur,
1310 1865 1431 1946 quibus
1495 1833 1497 1837 Ι
1529 1949 1530 1954 ¹

305 2024 479 2112 Episcopus
502 2031 632 2092 ornatus
656 2046 724 2091 esse
750 2024 855 2092 debet.
905 1991 988 2121 &⁸25
1023 2046 1135 2108 „amor
1157 2023 1288 2105 ingens“
1320 2025 1432 2091 omnia

304 2149 382 2216 vitia
417 2148 686 2234 comprehendere
720 2154 841 2232 potest,
884 2168 967 2233 quae
1001 2165 1040 2212 ex
1074 2147 1237 2214 desideriis
1272 2148 1434 2230 perversis

305 2279 458 2348 oriuntur.
509 2256 664 2376 &amill-
679 2273 808 2357 proprie
838 2271 1068 2339 hebdomadem
1106 2271 1285 2356 significare
1316 2279 1432 2338 notum

307 2410 374 2481 est;
398 2401 571 2466 secundum
595 2407 774 2464 contextum
800 2404 832 2462 et
854 2399 958 2466 fontes
982 2418 1111 2481 graecos
1136 2399 1262 2482 (Const-
1284 2399 1369 2465 VIII.
1399 2404 1431 2464 3.

301 2521 342 2587 ’ἐν
365 2519 474 2612 ἡμέρᾳ
503 2521 666 2610 Κυριακῇ)
703 2520 743 2586 de
774 2521 824 2588 die
855 2521 1013 2590 dominica
1043 2545 1147 2591 scrmo
1179 2530 1236 2590 est.
1287 2521 1429 2596 Verbum

306 2705 384 2787 μ’
402 2685 671 2752 denominativum
689 2690 771 2750 esta
792 2649 883 2750 &ul-r
907 2683 986 2751 ordo
1002 2707 1101 2767 sacer,
1119 2692 1152 2750 ut
1169 2677 1429 2769 subdiaconatus,

307 2827 492 2896 diaconatus
516 2836 575 2896 oto.
621 2827 713 2894 Idem
736 2828 832 2910 igItur
856 2838 906 2894 est
926 2849 964 2895 ao
992 2827 1196 2911 „ordinare“,
1220 2829 1242 2895 i.
1259 2850 1285 2895 e.
1310 2831 1353 2896 a'd
1377 2851 1429 2896 or·

304 2989 409 3056 dinem
425 3008 549 3056 sacrum
568 3009 763 3073 promovere.
792 2981 881 3100 ⁸7³³?
904 2951 952 3086 lii
979 2989 1066 3055 Haeo
1080 2986 1300 3072 pronunciatio
1317 2988 1427 3056 volun·

173 3150 176 3160 ·
304 3113 380 3180 tatis
403 3112 512 3200 populi
536 3111 678 3196 eligentis
705 3111 747 3180 ad
771 3113 888 3196 triplex
908 3113 1036 3208 quidem
1059 3113 1263 3195 scrutinium,
1295 3112 1427 3180 sedhic

253 3249 260 3258 '
303 3239 346 3306 ad
368 3240 501 3324 tertium
522 3236 723 3322 potissimum
746 3240 905 3322 pertinere
928 3237 1063 3320 videtur,
1096 3231 1137 3302 de
1164 3257 1226 3322 qno
1250 3237 1321 3304 vide
1345 3237 1423 3304 Ord.

286 3364 398 3452 'Hipp
425 3364 519 3430 Fabr.
544 3387 574 3448 p.
594 3368 658 3430 249
683 3370 715 3429 et
741 3363 847 3448 (toust.
873 3361 956 3430 VIII.
984 3367 1015 3428 4.
1040 3395 1081 3407 -
1114 3339 1425 3456 unslet-&ami

303 3483 536 3575 ἐξομολόγησις
560 3510 628 3556 esse
644 3488 775 3570 videtur,
799 3510 862 3554 non
878 3488 1047 3574 quaelibet,
1072 3506 1172 3574 neque
1188 3487 1423 3572 sacramentalis
1449 3503 1459 3520 ·

301 3625 503 3702 peccatorum
529 3611 701 3695 consessio,
726 3613 783 3678 sed
807 3601 930 3680 divinae
954 3613 1076 3696 gloriae
1098 3613 1271 3697 professio,
1297 3623 1329 3681 et
1349 3633 1422 3697 pro·

302 3742 393 3829 prise
427 3737 619 3809 infirmitatis
654 3737 831 3821 confessio,
876 3759 959 3824 quae
991 3739 1023 3804 in
1055 3739 1299 3824 praeparatoria
1331 3746 1424 3823 parto

301 3868 453 3953 liturgiae
486 3871 635 3934 occurrit.
689 3864 818 3950 Optime
855 3865 916 3932 huo
952 3863 1063 3932 referri
1100 3871 1204 3950 potest
1242 3886 1280 3929 ea
1318 3867 1421 3932 oratio

301 3992 447 4080 liturgiae
464 3990 690 4075 Clementinae,
714 4011 798 4077 quae
821 3995 948 4057 missam
974 3991 1113 4058 fidelium
1131 3990 1291 4056 antecedit
1313 4010 1422 4056 secun·

301 4119 376 4186 dum
391 4140 418 4186 c.
431 4124 463 4186 8.
487 4117 560 4185 libri
573 4117 657 4186 VIII.
682 4117 943 4186 constitutionum
967 4117 1021 4202 (cl.
1032 4115 1143 4182 Daniel
1158 4115 1235 4183 (lod.
1248 4115 1354 4198 liturg.
1366 4113 1421 4198 IV,
