3074 4780
266 479 345 543 Μ’

306 739 309 744 ¹
355 607 438 734 Quid
453 652 480 718 si
496 649 698 732 admittimus,
713 649 923 739 Hippolytum
941 658 971 718 et
987 655 1168 718 nostrorum
1184 619 1378 719 canonum
1400 657 1437 720 et

266 762 523 836 constitutionum
541 759 796 845 Apostolicarum
820 769 981 826 auctorem
1006 761 1053 826 ita
1074 779 1153 840 esse,
1177 765 1234 840 ut,
1266 779 1366 843 quae
1384 763 1432 829 ab

260 868 427 951 ¹Apostolis
440 874 615 950 acceperat,
627 865 796 950 colligeret,
814 865 941 952 suisque
954 866 1052 950 ipsius
1065 863 1188 952 placitis
1204 868 1431 953 augeret?¹)

267 974 381 1042 Libros
404 973 493 1055 illos,
524 976 579 1058 qui
603 972 752 1039 dicuutur
782 970 1032 1039 Constitutiones
1055 971 1325 1056 Apostolorum,
1365 981 1430 1040 aut

265 1101 393 1161 omnes,
427 1086 484 1146 aut
505 1079 629 1164 aliquos
657 1083 698 1144 ab
722 1077 897 1166 Hippolyto
920 1079 1055 1163 scriptos
1084 1098 1151 1144 esse
1171 1078 1250 1161 jam
1280 1079 1429 1164 pridem

269 1186 328 1253 uiri
360 1185 444 1254 docti
480 1186 633 1271 suspicati
663 1193 746 1252 sunt.
759 1185 786 1268 ¹)
834 1183 921 1264 Quae
953 1187 1134 1270 conjectura
1168 1184 1207 1250 iis
1252 1187 1425 1254 omnibus

268 1294 464 1378 probabitur,
494 1297 548 1378 qui
579 1293 908 1378 „philosophumenu“
938 1314 1039 1377 nuper
1061 1299 1198 1378 reperta,
1228 1293 1434 1383 Hippolyti.

267 1422 336 1468 esse
360 1407 547 1484 agnoscunt.
593 1399 695 1486 Hujus
718 1399 801 1466 enim
834 1397 908 1466 libri
931 1405 1052 1481 auctor,
1079 1399 1110 1465 S.
1137 1399 1271 1468 Callisti
1300 1395 1419 1486 papae

269 1509 412 1576 aemulus
428 1515 460 1576 et
480 1508 690 1587 aduersarius,
713 1507 807 1574 simili
831 1508 999 1574 seueritate
1014 1529 1120 1574 mores
1137 1508 1418 1578 Christianorum
1448 1569 1451 1574 ,

229 1604 231 1610 ’
271 1633 398 1682 serrare
428 1614 564 1696 studuit,
597 1635 660 1698 qua
690 1621 802 1681 auctor
830 1615 1096 1682 Constitutionum
1131 1609 1417 1699 Apostolicorum

270 1721 437 1790 illecebras
458 1723 611 1789 ethnicas
640 1721 714 1788 odio
744 1721 937 1807 implacabili
965 1723 1177 1807 prosequitur.
1226 1724 1417 1804 Quomodo

268 1825 388 1896 iactum
412 1831 464 1912 sit,
488 1838 523 1896 ut
546 1851 610 1897 non
634 1829 730 1896 modo
754 1827 960 1909 gladiatores,
985 1829 1119 1909 scenici,
1150 1850 1316 1914 augures,
1351 1834 1414 1900 sed

270 1936 376 2001 etiam.
390 1941 572 2016 venatores,
604 1938 743 2020 aurigae,
768 1936 989 2022 abaptisruate
1014 1943 1045 2002 et
1069 1937 1219 2003 ecclesiae
1257 1960 1412 2006 commu-

268 2043 363 2118 nione
386 2025 579 2124 arcerentur,
612 2043 664 2111 uix
687 2043 842 2128 explicari
872 2043 1102 2129 poterit,.nisi
1132 2050 1201 2109 tum
1225 2065 1248 2110 e
1274 2047 1410 2112 ratione

268 2157 447 2235 temporum
470 2151 669 2235 perditorum
689 2151 873 2218 Caracallus
898 2151 1029 2218 Macrini
1053 2156 1086 2216 et
1108 2149 1308 2236 Eliogabali,
1336 2159 1408 2219 tum

270 2281 309 2326 ex
332 2258 432 2350 stoica
455 2260 640 2325 austeritate
656 2258 819 2344 Hippolyti
843 2259 893 2325 vel
917 2259 1026 2325 similis
1051 2258 1407 2330 doctorisilhristiani.

359 2367 566 2468 Hippolytum
589 2382 766 2448 Romanum
799 2404 862 2449 non
893 2386 991 2451 modo
1022 2383 1117 2450 uaria*
1133 2383 1320 2452 eruditione
1345 2384 1405 2452 sed

270 2487 365 2554 etiam
389 2489 575 2556 austeritate
597 2492 735 2575 quadam
768 2490 971 2572 excelluisse,
1004 2490 1078 2557 inde
1109 2495 1266 2575 apparet,
1301 2491 1403 2578 quod,

269 2615 461 2679 quamquam
485 2598 611 2664 Nouato
634 2587 794 2682 antiquior
817 2605 912 2681 esset,
945 2604 1052 2664 tamen
1082 2598 1165 2663 iuter
1193 2596 1400 2666 Novatianos

269 2725 289 2769 a
311 2701 542 2788 posterioribus
567 2710 803 2771 annumeratur.
818 2703 845 2788 ³)
1101 2693 1105 2700 ²

341 2933 368 3003 1)
387 2933 547 2990 Didascalia
566 2933 680 3004 Syriaca
703 2925 740 2989 ad
758 2939 869 3004 tempus
897 2951 987 3003 papae
1005 2933 1129 2988 Cornelii
1155 2937 1184 2989 et
1210 2933 1394 3004 imperatoris
1511 3008 1512 3012 Ἰ

271 3023 350 3078 Decii
367 3022 490 3108 refertur
507 3024 537 3078 in
557 3020 624 3078 Ood.
642 3021 778 3093 Lagsrdii
797 3023 972 3092 (Didascalia
990 3021 1192 3093 Apostolorum
1211 3041 1240 3094 p.
1259 3024 1322 3092 111).

340 3129 369 3197 2)
387 3128 535 3197 (Simeonis
562 3127 597 3184 de
615 3127 770 3200 Magistris)
799 3126 871 3184 Acta
898 3128 1057 3198 Martyrum
1083 3125 1120 3184 ad
1146 3129 1226 3184 Ostia
1253 3130 1390 3188 Tiberina

268 3200 374 3274 Hamae
403 3219 471 3274 1795
498 3237 524 3290 p.
553 3219 605 3274 134
632 3235 723 3290 seqq:
759 3217 885 3288 „Mansit
917 3234 983 3272 vero
1017 3217 1214 3289 incorruptum
1241 3215 1394 3291 Hippolyti

236 3288 253 3304 ”
268 3325 370 3362 nomeu
400 3311 499 3364 octauo
524 3308 599 3364 libro
714 3307 772 3363 sive
797 3306 863 3376 quia
881 3305 905 3361 is
924 3306 997 3361 liber
1024 3305 1177 3376 aliquando
1201 3306 1391 3380 primusxfuit,

272 3396 330 3451 sive
349 3395 415 3466 quia
434 3396 584 3453 scaeteris
602 3397 725 3463 avulsus,
743 3395 892 3466 Hippolyti
907 3389 1013 3450 'nomen
1031 3396 1227 3452 tantummodo
1246 3391 1392 3452 retinuit.“

221 3525 226 3534 ·
343 3503 370 3572 3)
390 3500 521 3558 Aurelius
541 3504 666 3559 Clemens
685 3501 855 3558 Prudentius
874 3502 1072 3573 Hippolytum,
1094 3520 1157 3558 cum
1172 3503 1232 3574 jam
1255 3501 1390 3574 martyrio

270 3591 413 3662 proximus
433 3597 515 3661 esset,
534 3610 551 3647 a
569 3591 673 3647 Novati
691 3591 834 3647 erroribus
853 3592 1004 3662 resipuisse
1023 3592 1108 3648 dicit:

376 3679 492 3736 Invenio
511 3678 710 3751 Hippolytum,
737 3680 785 3750 qui
804 3680 945 3751 quondam
964 3680 1209 3754 schismalNovcti

429 3769 580 3840 Presbyter
598 3770 750 3840 attigerat,
775 3775 872 3826 nostra
891 3770 1031 3844 sequenda
1049 3787 1157 3842 negans

378 3857 472 3928 Usque
490 3858 528 3913 ad
545 3859 673 3929 martyrii
691 3864 858 3930 provectum
876 3860 1003 3930 insigne,
1027 3861 1127 3916 tulisse

429 3945 538 4002 Lucida
556 3947 705 4018 sanguinei
722 3949 849 4018 praemia
867 3949 1007 4020 supplicii.

375 4033 436 4092 Nec
452 4037 556 4092 mirere
575 4053 669 4092 senem
687 4039 813 4108 peruersi
832 4037 975 4110 dogmatis
994 4039 1063 4094 olim

431 4125 549 4181 Munere
573 4123 697 4181 ditatum
716 4127 872 4183 catholicae
889 4125 964 4183 fidei.

342 4215 566 4288 Peristephanon
583 4216 631 4271 XI.
654 4232 680 4273 u.
699 4217 734 4271 29
752 4232 829 4288 seqq.
864 4215 918 4272 Ed.
937 4215 1089 4287 Dreesel,
1116 4233 1143 4289 p.
1163 4216 1224 4272 442.
