3074 4780
195 393 197 398 ’
232 455 239 468 ,
280 385 320 470 1'8

371 581 496 650 Norunt
528 583 659 666 eruditi,
688 585 755 669 jam
782 575 969 670 Apostolum
1001 584 1133 653 Paulum
1167 589 1199 654 in
1231 588 1344 673 prima
1375 598 1427 664 ad

278 688 460 757 Corinthios
485 690 620 776 epistola
637 675 684 776 ¹(o.
705 697 754 774 ll,
780 697 822 758 20
839 692 942 779 seqq.)
966 692 1049 760 hu‘nc
1065 715 1154 760 usum
1180 695 1288 778 aliqtro
1304 701 1429 769 modo

277 797 485 867 refraenasse.
524 797 682 882 Tempore
705 789 864 882 &ignatii
888 819 1009 884 agapae
1032 797 1190 868 florebant
1215 797 1335 890 (Epist.
1357 807 1425 874 ad.

280 901 405 991 Smyrn.
430 923 456 969 o.
474 902 530 988 8.).
570 905 649 971 Cum
672 903 792 972 Plinius
816 897 994 991 Bithyniam
1021 906 1275 992 administraret,
1294 908 1424 979 Chris·

277 1009 374 1078 tianis
398 995 467 1078 mos
483 1016 563 1093 erat,
589 1017 660 1095 post
675 1031 785 1098 preces
808 1015 980 1078 matutinas
997 1012 1178 1081 discedendi
1205 1037 1422 1100 „rursusque

278 1117 411 1185 eo'eundi
446 1119 487 1186 ad
518 1118 706 1203 capiendum
743 1119 864 1202 cibum,
905 1121 1119 1203 promiscuum
1151 1127 1259 1188 tamen
1284 1128 1321 1188 et
1357 1127 1415 1189 in·

277 1223 440 1293 noxium.“
488 1223 560 1310 (Ep.
585 1225 627 1290 ad
649 1225 846 1310 Trajanum.)
893 1224 1123 1308 Tertullianus,
1157 1237 1330 1314 antequam
1364 1233 1416 1297 ad

278 1332 486 1407 Montanistas
510 1333 670 1412 transiret,
688 1331 758 1398 illas
775 1335 884 1428 epulas
900 1354 1093 1420 magnopere
1110 1335 1273 1416 laudavit*
1285 1345 1415 1424 postea
1450 1397 1457 1412 ,

277 1443 385 1506 tamen
409 1438 607 1524 vituperavit.
623 1437 648 1522 ¹)
688 1437 833 1506 Clemens
854 1439 1086 1509 Alexandrinus
1103 1443 1280 1525 agapinum
1307 1463 1414 1508 usum

278 1547 320 1612 ad
351 1567 507 1630 pauperes
538 1545 727 1614 recreandos
754 1547 926 1634 restringit.
968 1548 1045 1644 'Non
1076 1571 1129 1616 eas
1160 1545 1284 1632 epulas,
1316 1568 1413 1631 quae

279 1651 422 1719 laetitiae
453 1671 549 1718 eausa
578 1651 709 1734 fierent,
743 1671 919 1737 agaparum
942 1653 1070 1719 nominc
1091 1653 1296 1720 honorandas
1320 1675 1414 1736 esse,

277 1758 429 1840 sedeas,
463 1761 575 1843 quibus
606 1757 757 1826 mandato
793 1757 911 1826 (lhristi
944 1761 1230 1844 obtemperaretur:
1266 1759 1415 1840 Quando

276 1866 392 1933 iecoris
416 1867 553 1950 epulum,
577 1872 655 1934 vo'ca
678 1865 852 1934 mendicos.
897 1867 987 1950 (Luc.
1015 1871 1068 1946 14,
1096 1869 1145 1931 lt.
1164 1865 1190 1949 ²)

370 1973 482 2040 Postea
506 1973 607 2058 magis
631 1975 794 2059 magisque
817 1973 1005 2056 institutum,
1030 1994 1092 2058 quo
1108 1971 1210 2058 primo
1227 1971 1307 2042 tiore
1324 1975 1411 2042 reli·

200 2081 206 2094 “
281 2081 383 2164 gionis
406 2080 522 2148 caritas
550 2079 725 2163 fovebatur,
758 2081 864 2148 ramae
886 2081 1147 2166 intemperantiae
1177 2082 1302 2148 occasio
1333 2083 1416 2150 fieri

280 2187 461 2273 incipiebat.
516 2189 620 2266 Quare
662 2188 783 2256 iactum
817 2195 882 2268 est,
925 2193 960 2255 ut
998 2207 1120 2271 agapae
1155 2211 1175 2255 a
1205 2186 1300 2254 domo
1345 2189 1412 2255 Dei

281 2287 465 2362 arcerentur
498 2294 547 2361 vel
582 2295 709 2362 omnino
745 2295 998 2380 prohiberentur.
1045 2295 1151 2360 Canon
1177 2298 1230 2362 28.
1267 2293 1410 2375 concilii

282 2400 453 2468 Laodiceni
476 2399 574 2484 (saec.
598 2401 667 2484 IV.)
701 2401 874 2487 praecipit:
903 2391 976 2462 ’Ὁτι
999 2395 1041 2462 ου’
1063 2397 1119 2462 δεῖ
1142 2391 1179 2462 ἔν
1201 2402 1271 2474 τοῖς
1293 2423 1413 2488 κυρια-

280 2508 350 2582 κοῖς
372 2497 397 2593 ri*
420 2506 456 2570 ἐν
478 2508 555 2583 ταῖς
578 2505 760 2596 ἐκκλησίαις
781 2507 842 2582 τάς
864 2502 1039 2591 λεγομένας
1062 2503 1192 2590 α’γάπας
1215 2509 1325 2592 ποιεῖν1
1348 2509 1411 2574 καὶ

281 2613 319 2678 ἐν
349 2617 394 2702 τῷ
425 2612 503 2702 οἴκῳ
536 2617 599 2680 τοῦ
632 2619 719 2680 θεοῦ
752 2615 880 2681 ἐσθίειν
914 2613 970 2678 καὶ
1004 2610 1164 2696 οἷκούβιτα
1198 2615 1410 2701 decucurisse.

281 2723 410 2806 Patres,
451 2723 635 2808 disciplinae
672 2743 771 2809 purae
809 2705 1009 2806 defensores,
1048 2729 1114 2790 tum
1151 2743 1258 2790 omues
1294 2723 1411 2808 epulas

271 2829 543 2932 ecclesiasticus,
564 2837 631 2898 tum
655 2851 708 2896 eas
732 2831 899 2916 inprimis
928 2829 1187 2916 proscribebant,
1219 2850 1301 2924 quae
1332 2837 1412 2915 post

279 2939 432 3028 ,exequias
454 2937 488 3004 in
518 2937 594 3023 ipsis
618 2937 834 3015 coemeteriis,
866 2937 915 3002 vel
940 2937 970 3000 in
1003 2933 1141 3000 ecclesiis
1173 2933 1293 2996 institui
1322 2937 1409 3003 sole·

283 3047 371 3110 bant.
419 3044 488 3122 Qua
511 3043 542 3109 in
565 3065 600 3108 re
625 3042 657 3108 S.
678 3041 843 3127 Augustini
868 3041 1039 3108 auotoritas
1064 3039 1117 3120 (cf.
1143 3058 1193 3122 ep.
1218 3039 1275 3121 22)
1303 3040 1411 3123 pluri·

285 3171 371 3216 mum
413 3150 585 3238 contuliste
627 3149 754 3218 videtur
788 3150 831 3214 nd
864 3169 975 3227 usum,
1014 3148 1067 3230 qui
1099 3145 1166 3229 jam
1204 3144 1235 3210 in
1270 3145 1409 3232 abusum

235 3337 240 3342 .
284 3256 477 3341 degenerare
493 3265 651 3342 coeperat,
669 3252 854 3323 tollendum.
880 3251 1051 3322 Concilium
1068 3251 1269 3337 Hipponense
1283 3253 1326 3338 (a.
1340 3261 1406 3323 393

284 3385 354 3431 can.
368 3366 435 3448 29),
461 3387 499 3431 eo
513 3365 727 3450 progreditur,
753 3370 910 3430 ntomnes
934 3380 1053 3443 agapas
1077 3359 1266 3426 interdicat:
1291 3361 1406 3446 Populi

286 3469 382 3538 etiam
406 3471 587 3555 hujusmodi
610 3469 758 3536 conviviis
774 3473 926 3554 quantum
943 3464 1011 3532 fieri
1030 3473 1143 3552 potest,
1168 3453 1405 3570 probiteantur.

285 3575 478 3661 (Gi.Ooneil.
503 3579 668 3662 quinisext.
694 3595 761 3641 can.
787 3573 854 3658 74.)
890 3572 1009 3653 Quodsi
1034 3594 1092 3656 ea,
1130 3594 1210 3657 quae
1235 3594 1272 3637 ex
1295 3571 1405 3636 codice

286 3684 489 3752 oerechunioo
502 3693 651 3768 tanquam
671 3679 846 3763 „timothei
860 3680 1023 3747 doctoris“
1036 3687 1206 3767 praecepta
1218 3677 1403 3760 afferuntur,

361 3949 387 4021 1)
407 3951 448 4006 De
471 3951 558 4022 jejun.
585 3951 665 4003 c.17.
703 3945 786 4017 Apud
812 3950 841 4002 te
860 3963 950 4034 agape
973 3947 1001 4002 in
1021 3947 1133 4002 cacabis
1159 3945 1263 4008 servet,
1289 3939 1358 3997 fides
1377 3940 1405 3994 in

289 4039 389 4094 culinis
408 4041 490 4106 calet,
510 4055 571 4108 spes
590 4037 620 4092 in
639 4035 756 4090 ferculis
769 4035 855 4106 jacet.
963 4069 968 4078 ‚

361 4145 389 4214 2)
409 4145 449 4202 (li.
468 4145 584 4200 Dissert.
605 4143 630 4199 N
635 4159 736 4214 onrry
760 4159 787 4213 p.
801 4146 843 4198 47.
864 4110 907 4198 eli.
927 4141 1025 4212 Migne
1044 4145 1064 4195 t.
1085 4141 1119 4194 ll.
1138 4158 1166 4210 p.
1186 4138 1247 4194 885.
1369 4133 1375 4150 “
