3068 4758
1227 481 1269 546 93

127 656 176 718 ιιι
202 653 307 738 signet
339 672 473 738 panem,
501 634 562 720 'sed
585 654 970 739 tantummodo'irangat,
1002 652 1081 721 nihil
1103 658 1270 742 praeterea

125 757 247 826 faciat
297 760 331 828 Si
357 760 489 828 clericus
515 764 641 828 omnino
664 783 728 830 non
752 761 853 845 adest,
878 761 1009 848 quilibet
1029 784 1118 830 suam
1143 773 1268 850 partem

128 867 289 934 comedat
322 887 393 934 cum
427 869 604 951 gratiaram
634 869 774 952 actione,
808 877 844 936 ιιι
868 869 995 936 videant
1025 876 1136 962 gentes
1168 873 1266 940 vitam

129 983 281 1041 vestram
301 979 379 1041 'cum
402 975 520 1041 invidia
544 975 593 1059 (et
616 975 851 1060 admiratione).

232 1099 266 1166 Si
291 1101 364 1185 quis
388 1099 491 1166 viduis
515 1121 646 1167 coenam
676 1120 791 1184 parare
818 1099 902 1184 vult,
931 1108 1040 1184 curet,
1072 1108 1108 1168 ut
1129 1101 1269 1168 habeant

136 1227 274 1275 coenem
305 1215 338 1272 et
368 1215 403 1274 ιιι
434 1207 634 1274 dimittantur
664 1215 836 1293 antequam
868 1208 917 1275 sol
949 1207 1082 1276 occidat.
1129 1208 1162 1276 Si
1192 1230 1267 1277 vero

137 1321 213 1382 sunt
245 1303 379 1397 multae,
417 1327 581 1399 caveatur,
617 1338 656 1384 ne
677 1315 734 1384 fiat
764 1316 1021 1384 confusio'neve
1044 1315 1266 1403 impediantur,

137 1424 312 1508 quominus
336 1427 410 1488 ante
433 1444 598 1510 vesperam
623 1424 832 1491 dimittantur.

232 1547 408 1633 Unicuique
431 1554 539 1614 autem
562 1570 672 1615 earnm
697 1549 856 1617 tribuatur
878 1550 1036 1618 sufficiens
1053 1547 1140 1616 cibus
1157 1551 1266 1632 potus·

138 1675 212 1741 qne.
260 1653 326 1722 Sed
349 1653 469 1723 abeant
492 1664 663 1740 antequam
687 1677 748 1722 nox
771 1660 1026 1741 advesperascat.

139 1991 312 2059 XXXVI.
352 1988 463 2058 Oauou
485 1994 671 2078 tricesimus
694 1999 811 2060 sectus.
850 1991 903 2058 Dc
920 1993 1082 2074 primitiis
1100 1994 1268 2076 fructuum

140 2117 248 2177 torrae
280 2114 311 2175 et
339 2110 503 2190 primitiis
536 2130 685 2176 orcarum
714 2115 745 2176 ct
775 2109 1002 2190 torcularium,
1038 2108 1115 2190 olei,
1151 2109 1264 2189 mellis,

13 2269 14 2276 ι
139 2227 238 2294 lactis
260 2230 292 2292 et
315 2225 408 2291 louoe
431 2231 461 2292 et
482 2225 655 2306 similium,
689 2246 770 2310 quoe
799 2225 844 2292 od
867 2224 1065 2308 Episcopum
1094 2225 1267 2308 defermda

349 2347 435 2423 suut,
460 2342 518 2426 qui
539 2340 783 2409 baudicliouem
805 2340 876 2408 illis
897 2341 1071 2425 impendat.
1152 2333 1159 2347 '

233 2553 294 2634 Qui
315 2554 414 2622 habet
435 2557 593 2640 primitias
622 2555 784 2624 fructuum
807 2561 921 2638 terrae,
954 2555 995 2622 ad
1019 2555 1212 2639 Episcopum
1233 2553 1267 2620 in

12 2711 13 2717 κ
137 2662 306 2730 ecclesiam
333 2683 389 2728 eas
409 2659 549 2740 deferam
573 2662 757 2743 parimodo
780 2660 937 2748 primitias
952 2681 1047 2728 areae
1063 2660 1267 2745 etprimitias

137 2768 363 2850 torcularium,
390 2767 461 2849 olei,
486 2765 604 2846 mellis,
628 2768 733 2850 lautia,
758 2767 852 2835 lanae
874 2773 907 2834 et
929 2768 1086 2854 primitias
1111 2765 1266 2834 mercedis

137 2898 200 2962 pro
224 2875 336 2942 labore
359 2895 520 2941 manuum.
560 2874 648 2939 Haec
671 2876 777 2943 omnia
801 2873 984 2944 deferantur
1007 2874 1048 2942 ad
1071 2873 1266 2961 Episcopum

140 3003 215 3048 cum
247 2982 395 3066 primitiis
430 2985 591 3047 arborum.
638 2979 795 3049 Sacerdos
827 2987 952 3066 antem,
987 2981 1041 3069 qui
1064 2981 1120 3048 illa
1141 2980 1264 3065 recipit,

141 3071 217 3156 ante
242 3090 348 3156 omnia
371 3108 466 3172 super
480 3085 543 3152 illis
559 3089 678 3168 gratias
694 3095 769 3174 agat
784 3086 857 3170 deo,
879 3095 970 3156 extra
991 3090 1095 3156 velum
1118 3087 1266 3156 adstante

143 3215 193 3278 eo,
219 3199 273 3279 qni
295 3195 352 3262 illa
374 3191 491 3262 attulit

233 3319 388 3388 Sacerdos
419 3325 526 3388 autem
557 3320 602 3387 sic
629 3325 721 3388 oret:
757 3317 887 3386 Gratias
921 3319 1044 3401 agimus
1074 3317 1132 3386 tibi
1165 3318 1264 3386 omni·

142 3435 255 3514 potens
271 3429 368 3512 Deus,
386 3428 461 3515 qnia
476 3449 535 3494 nos
551 3426 653 3493 tacisti
668 3426 789 3511 dignos,
815 3425 943 3510 quibos
959 3425 1081 3493 fructus
1096 3425 1261 3496 videamur
1357 3471 1363 3480 ·

143 3556 222 3620 quos
243 3541 331 3602 terra
354 3538 415 3604 hoc
437 3555 520 3602 anno
543 3533 703 3620 produxit.
738 3531 876 3600 Benedic
898 3552 953 3600 eos
974 3531 1157 3616 oDomine,
1183 3535 1265 3603 sicut

142 3663 292 3712 coronam
314 3644 387 3709 anni
410 3643 458 3710 tni
486 3640 658 3710 secundnm
686 3639 913 3724 benignitatem
935 3647 1023 3706 tuam
1053 3637 1184 3722 (Psalm.
1209 3645 1262 3725 64,

147 3733 221 3836 lb),
245 3751 372 3835 sintque
395 3749 438 3818 ad
461 3750 642 3818 satietatem
668 3747 859 3835 pauperibus
882 3747 992 3835 populi
1014 3747 1076 3830 tui,
1101 3745 1263 3833 (benedic)

144 3859 240 3925 etiam
264 3879 389 3926 serrum
413 3864 505 3924 tunm
529 3855 566 3922 N.
592 3856 646 3941 qni
668 3855 746 3923 haec
770 3853 886 3921 obtulit
900 3875 938 3922 ex
954 3854 1067 3940 opibus
1089 3853 1162 3936 tuis,
1187 3853 1263 3940 quia

144 3964 235 4034 timet
257 3969 306 4046 te,
330 3963 461 4034 benedic
483 3985 555 4030 enm
579 3963 730 4034 decocto
755 3966 865 4030 sancto
895 3967 951 4030 tuo
974 3981 1040 4030 une
1061 3981 1134 4029 cum
1165 3959 1261 4028 domo

142 4077 175 4139 et
196 4070 269 4140 filiis
295 4070 363 4156 ejus
384 4079 415 4140 et
439 4069 564 4138 effunde
587 4092 683 4158 super
705 4089 759 4136 eos
788 4067 1038 4138 misericordiam
1068 4072 1101 4134 et
1123 4066 1260 4150 gratiam

143 4184 231 4248 tuam
262 4183 423 4264 sanctam,
459 4183 495 4248 nt
524 4177 628 4248 edant
662 4177 857 4246 voluntatem
884 4183 973 4247 tuam
1003 4173 1037 4242 in
1059 4175 1205 4244 omnibus
1228 4178 1262 4244 et
1300 4173 1304 4182 '
