3074 4780
180 703 340 786 ternitto,
373 703 613 790 comparatione
650 725 810 774 cononum
845 725 917 772 eum
947 722 1078 788 graeco,
1113 702 1238 789 coptico
1268 709 1301 772 et
1403 777 1412 802 ι

181 811 302 898 syriaco
333 799 508 880 vetustiore
538 819 628 880 textu
652 811 918 878 Constitutionum
943 817 1122 909 contectus.
1171 810 1300 878 Aethio·

179 920 252 1003 pica
282 919 364 986 enim
401 918 500 986 editio
535 919 578 984 ad
613 919 838 1006 abyssinorun
875 919 1047 1018 ingenium„
1066 926 1098 986 et
1130 940 1223 986 usum
1236 963 1240 978 ·
1253 922 1301 988 ita

179 1033 305 1094 mutata
327 1033 390 1108 est,
415 1033 450 1092 ut
472 1026 555 1094 inter
577 1026 680 1094 solida
703 1025 868 1094 vetustatis
892 1028 1075 1095 testimonia
1096 1025 1299 1093 annumerari
1413 1019 1415 1026 ’

178 1157 243 1202 uon
267 1135 377 1219 possit.
414 1134 518 1200 Etiam
545 1133 720 1200 didascalia
732 1115 867 1220 ⁴Syriaco
888 1139 1026 1199 aetatem
1048 1135 1300 1215 fragmentorum

177 1241 389 1328 syriacorum,
421 1261 504 1325 quae
527 1243 855 1318 commemoravimus,
887 1261 950 1306 non
971 1240 1130 1336 attingere
1149 1239 1297 1316 ,videtur

266 1347 385 1429 Quodsi
405 1348 469 1432 jam
494 1369 631 1416 oenones
653 1352 752 1416 nostri
784 1368 857 1414 cum
887 1347 1117 1433 antiquissimis
1144 1349 1297 1415 constitu·

177 1457 299 1524 donum
323 1454 580 1540 Apostolioarum
610 1455 659 1522 vel
690 1453 880 1522 editionibus
911 1456 959 1522 rel
989 1453 1178 1538 fragmentis
1208 1477 1294 1522 com·

177 1570 340 1649 parantur,
363 1582 427 1630 nou
449 1583 525 1630 raro
548 1561 626 1628 nibil
657 1561 753 1644 eliud,
786 1561 845 1628 nisi
869 1561 1025 1646 quaedam
1048 1561 1180 1647 propriu
1202 1561 1299 1630 editio

178 1671 353 1757 aliquarum
390 1670 530 1755 partium
567 1670 756 1738 eorumdum
796 1670 1056 1737 constitutionum
1088 1691 1156 1736 esse
1193 1671 1298 1738 rideri
1364 1675 1369 1688 “
1418 1745 1423 1774 Ι

177 1786 314 1866 possent.
812 1833 815 1844 .
1046 1791 1057 1796 “

263 1885 450 1954 Aoouratins
480 1893 585 1954 antem
620 1906 687 1952 rem
719 1885 921 1970 perspicienti
952 1883 1045 1953 iacile
1075 1885 1296 1970 persuadetur,

176 2013 238 2061 uon
263 1992 359 2062 modo
383 1993 546 2077 proprium
572 1992 750 2075 quidesse,
775 1994 831 2058 sed
854 1998 996 2073 caetera,
1029 2014 1110 2076 quae
1133 2013 1297 2060 enumera·

176 2102 274 2168 rimus
297 2098 490 2166 documenta
511 2099 703 2183 antiquitate
724 2097 924 2182 praecedere.

264 2205 344 2274 (ium
376 2205 512 2274 caeteris
535 2205 618 2271 enim
649 2204 750 2272 multa
772 2204 953 2272 communia
974 2204 1110 2285 habent,
1147 2225 1229 2288 quae
1252 2207 1295 2274 ed

176 2323 300 2401 tempus
323 2313 578 2398 persecutionum
605 2313 853 2380 Christianorum
884 2310 1053 2380 reserenda
1075 2318 1166 2394 sunt,
1201 2314 1295 2380 iniis
1397 2375 1400 2384 ,

177 2429 296 2502 autem,
311 2441 393 2507 quae
408 2422 451 2487 ad
467 2421 693 2505 proprietatem
711 2419 823 2487 borum
840 2439 994 2486 canonum
1011 2420 1181 2504 pertinent,
1206 2427 1308 2487 certa

175 2531 361 2596 remotioris
396 2526 594 2612 antiquitatis
628 2529 719 2609 signa
752 2533 920 2612 apparent.
966 2526 1015 2592 De
1047 2527 1097 2593 his
1133 2529 1296 2594 vetustatis

175 2636 316 2720 vestigiis
338 2635 517 2702 accuratius
539 2633 631 2701 nobis
655 2633 858 2701 tracbrndum
881 2640 938 2700 est.

212 2797 220 2824 t
262 2759 369 2826 Primo
392 2759 533 2824 occurrit
556 2759 643 2824 locus
667 2758 751 2842 (can.
777 2757 881 2842 XIII.)
910 2760 950 2824 de
975 2756 1127 2824 militibus
1151 2765 1182 2824 et
1204 2779 1294 2843 prae·

173 2865 296 2933 toribus
319 2868 361 2932 ad
385 2866 580 2951 baptismum
604 2886 668 2932 non
692 2865 908 2932 admittendis.
950 2866 1070 2932 Omnes
1092 2867 1291 2933 recensiones

174 2974 441 3040 Constitutionum
466 2975 578 3058 Apost.
609 2973 649 3039 de
672 2972 780 3040 eadem
811 2991 909 3039 eausa
931 2978 1087 3054 tractant,
1119 2972 1174 3039 sed
1206 2974 1293 3039 vario

175 3081 280 3148 modo.
315 3082 352 3147 In
375 3081 432 3147 illa
447 3081 586 3162 Diataxi,
605 3089 705 3166 ‘quam
730 3082 832 3165 primo
856 3081 927 3148 loco
949 3080 1196 3165 comparandam
1220 3102 1295 3166 pro-

172 3186 343 3272 posuimus,
377 3187 495 3254 milites
521 3193 696 3266 monentur,
722 3192 758 3252 ut
780 3173 917 3253 contenti
941 3186 1005 3252 sint
1028 3185 1193 3270 stipendiis
1217 3189 1292 3270 suis,

172 3315 251 3361 nere
287 3315 379 3378 quern
422 3294 539 3381 injuria
581 3292 719 3392 alliciam
755 3292 804 3358 rel
841 3291 924 3390 laisa
966 3291 1127 3358 calumnia
1168 3303 1292 3364 vexent.

174 3401 213 3484 (F
215 3405 313 3470 abric.
338 3423 370 3486 p.
384 3405 460 3484 254,
485 3401 629 3484 Lagarde
653 3426 682 3487 p.
702 3405 750 3468 ll.
766 3401 792 3484 ¹)
828 3401 915 3480 Quae
932 3400 1110 3466 exhortatio
1126 3400 1169 3466 ad
1177 3391 1294 3469 'omnes

174 3509 314 3575 omnium
348 3503 527 3593 temporum
564 3509 680 3576 milites
716 3508 873 3593 pertinere
906 3513 1020 3594 potest.
1066 3507 1222 3574 Arabicus
1254 3509 1294 3578 de

172 3614 325 3683 militibus
348 3636 450 3683 canon
465 3622 564 3699 cavet,
589 3637 628 3684 ne
645 3615 825 3697 Christiani,
849 3615 903 3701 qui
924 3615 1170 3700 imperatoribus
1185 3623 1289 3686 sacra·

171 3731 310 3789 mentum
336 3721 493 3806 dixerunt,
528 3717 762 3808 superstitionis
794 3723 956 3808 cujusdam
989 3721 1078 3806 signa
1107 3723 1291 3792 admittant.

171 3829 324 3898 Arabicus
347 3830 431 3896 enim
455 3829 658 3897 canonlllll.
683 3835 777 3912 vetat,
802 3851 841 3896 ne
866 3829 980 3898 milites
993 3827 1163 3896 Christiani
1186 3829 1293 3916 capita

172 3995 320 4006 m-..
325 3997 382 4007 ——n-

243 4097 269 4165 1)
286 4093 455 4169 Στρεεεόεης
480 4093 603 4170 προσιών
629 4093 809 4151 διδασκέσθω
825 4095 865 4170 pq
891 4091 1007 4162 α’δεεεῖν,
1034 4091 1072 4166 μὴ
1099 4101 1292 4168 συκοφαντεῖν,

168 4177 316 4258 ἀρκεῖσθαι
334 4185 367 4238 di
386 4193 443 4248 τοῖς
467 4185 626 4258 διδομένοις
648 4181 784 4254 ὀψωνίοις,
811 4185 978 4258 πειθόμενος
998 4185 1053 4257 ,uir
1076 4185 1289 4260 προσδεχίσθνν,

168 4267 318 4344 ἀντιλέγων
337 4273 370 4328 di
389 4271 594 4344 ἀποβαλλίσθω.
630 4273 670 4330 Ci.
691 4273 771 4332 Pirr-
790 4276 815 4346 l,
838 4295 866 4350 p.
885 4277 928 4332 dd.
