3068 4758
200 447 324 509 ,88

193 700 196 708 f
281 619 336 708 qui
358 619 522 703 cumipse
546 622 620 684 sunt
643 622 675 684 et
697 616 737 684 ad
762 639 834 684 eom
857 617 1033 702 pertinent,
1062 615 1143 684 siout
1165 615 1230 699 illi,
1255 618 1310 703 qui
1334 575 1404 686 ehr-
1513 613 1514 618 ’

284 749 362 814 pore
386 725 513 813 quidem
536 725 699 793 nobiseum
722 733 804 808 sunt,
830 724 996 792 animabus
1018 729 1124 790 autem
1150 744 1221 791 oum
1245 724 1312 792 illo.
1369 776 1375 786 ,

371 833 419 899 De
441 833 490 900 his
512 831 592 899 dixit
615 833 780 917 apostolus
805 832 879 916 (Tit.
897 838 923 914 1,
945 830 1027 916 16.):
1051 831 1239 900 confitentur
1255 853 1289 898 se
1311 850 1405 900 nosse
1435 865 1438 880 ·

283 939 394 1023 deum,
433 938 528 1006 factis
563 947 669 1008 antem
705 945 839 1021 negant;
879 938 919 1005 de
954 939 1128 1024 iisdemque
1162 939 1195 1004 in
1228 923 1406 1025 proverbiis

285 1047 399 1113 dieitur
424 1047 531 1131 (Prov.
557 1051 610 1128 26,
639 1046 705 1132 11.)
730 1081 770 1091 -
797 1051 910 1112 est-
935 1049 1015 1114 siout
1038 1047 1133 1128 oanis,
1159 1046 1212 1130 qui
1234 1047 1407 1114 revertitur

284 1155 327 1220 ad
358 1153 511 1221 vomitum
543 1175 651 1235 snum,
685 1153 731 1218 sio
753 1155 957 1237 imprudens,
990 1153 1044 1242 qui
1067 1153 1163 1218 iterat
1185 1159 1316 1237 peccata
1339 1175 1406 1222 sua.

283 1261 404 1329 Beatus
427 1267 534 1326 autem
558 1261 670 1327 Petrus
695 1260 735 1328 de
759 1261 797 1326 iis
822 1260 913 1326 dicit:
950 1259 1029 1326 Esse
1061 1259 1179 1326 similes
1201 1281 1320 1344 porco,
1353 1262 1418 1345 qui,

282 1375 452 1454 postquam
478 1368 561 1435 lotus
585 1375 649 1450 est,
687 1366 846 1434 volutatur
869 1370 901 1434 in
924 1387 1022 1434 ooeno
1046 1388 1103 1435 sno
1127 1366 1160 1452 (2
1185 1366 1269 1434 Petr.
1294 1373 1325 1450 2,
1351 1371 1406 1434 22.

284 1475 323 1543 of.
347 1476 439 1542 Pron,
465 1480 518 1557 26,
547 1474 622 1558 11.).

372 1583 415 1649 Et
436 1583 530 1668 hujus
560 1581 687 1666 quidem
717 1581 842 1665 generis
873 1603 937 1649 non
968 1583 1063 1666 pauoi
1096 1587 1186 1664 sont;
1224 1580 1300 1666 (non
1331 1603 1410 1651 raro

285 1689 368 1755 enim
391 1687 452 1774 fit),
478 1695 514 1754 ut
529 1688 615 1756 dieat
634 1689 704 1774 quis
727 1687 835 1756 eoram
858 1688 936 1755 deo:
966 1688 1122 1773 Equidem
1146 1711 1274 1757 omnem
1296 1689 1410 1758 volun·

285 1802 383 1864 batem
407 1804 496 1863 tuam
520 1796 644 1878 faciam,
670 1799 727 1863 sed
751 1795 845 1862 simul
860 1795 952 1864 malis
968 1797 1033 1862 suis
1057 1796 1285 1864 intentionibus
1310 1798 1407 1864 etiam

284 1905 328 1971 ad
352 1903 537 1970 servitutem
574 1903 693 1971 diaboli
725 1904 931 1970 convertitur.
978 1901 1098 1970 Similis
1130 1910 1177 1971 est
1208 1903 1317 1987 militi,
1354 1906 1409 1988 qui

285 2010 400 2097 aooipit
422 2010 552 2096 quidem
576 2011 723 2078 vestitum
747 2009 916 2076 militarem
941 2009 1089 2094 (insignia
1104 2009 1280 2095 militaria),
1304 2032 1408 2096 neque

285 2123 393 2184 tamen
417 2117 477 2202 ipsi
501 2139 595 2184 aurae
619 2124 668 2184 est
689 2139 741 2184 res
766 2124 797 2184 et
819 2118 917 2184 vestis
948 2117 1114 2200 militaris,
1147 2118 1203 2184 sed
1235 2119 1409 2202 ignominia

286 2223 425 2290 afficitur
464 2225 597 2292 detectis
635 2225 835 2306 criminibus,
876 2230 908 2290 et
937 2228 1081 2310 quamvis
1113 2247 1148 2292 se
1181 2225 1284 2310 ipsum
1320 2226 1409 2293 solus

287 2336 428 2400 nominet
452 2333 593 2415 militem,
620 2331 700 2400 nihil
723 2332 784 2398 uisi
807 2339 971 2398 externam
993 2331 1130 2399 formam
1153 2319 1407 2417 militiae-habet,

288 2459 352 2523 qua
375 2439 503 2506 indutus
528 2447 592 2522 est,
617 2459 744 2525 quaque
765 2441 822 2521 fit,
854 2445 890 2504 ut
914 2439 988 2522 (hoo
1011 2439 1141 2524 nomen)
1173 2440 1233 2508 sibi
1258 2460 1412 2524 arrogare

286 2548 399 2632 possit.
446 2545 498 2612 Sio
520 2546 647 2631 quidam
672 2547 732 2631 ipsi
755 2547 950 2628 gloriantur,
974 2569 1009 2613 se
1034 2546 1230 2614 Christianos
1253 2569 1332 2630 esse,
1356 2569 1420 2614 ne-

290 2675 352 2738 que
374 2663 482 2722 tamen
502 2653 656 2738 operibus
679 2655 782 2723 induti
806 2660 888 2738 sunt,
912 2655 1116 2722 nominantur
1139 2661 1170 2722 et
1186 2675 1206 2721 a
1220 2655 1289 2722 Deo
1313 2661 1345 2721 et
1368 2655 1410 2722 ab

226 2739 232 2758 ⁸
289 2759 470 2852 hominibus
495 2761 681 2844 daemones,
705 2762 873 2828 nonenim
899 2760 1034 2828 oderunt
1057 2779 1155 2847 opera
1179 2763 1327 2844 Satanae,
1353 2761 1414 2830 sed

290 2867 367 2954 ipsis
390 2867 477 2933 infixi
500 2873 583 2932 sunt.
631 2866 725 2935 Tales
747 2869 840 2948 igiter
863 2868 916 2934 hio
949 2867 996 2951 (in
1019 2868 1084 2934 vita
1106 2867 1265 2950 terrestri)
1295 2889 1416 2935 nomen

220 3011 224 3019 ,
291 2989 401 3040 eorum
425 2972 654 3057 (diabolorum)
678 2975 912 3056 nanciscuntur,
946 2981 977 3041 et
999 2975 1032 3041 in
1056 2976 1160 3042 altero
1184 2974 1254 3041 loeo
1279 2975 1416 3059 (inrita

292 3079 436 3163 aeterna)
461 3083 555 3147 ‘sortis
578 3099 687 3146 eorum
709 3081 789 3146 fiunt
806 3081 987 3165 participes,
1013 3081 1095 3148 dieat
1111 3081 1195 3147 enim
1209 3081 1249 3147 iis
1266 3080 1416 3150 Salvator

292 3187 348 3255 illa
372 3187 422 3253 die
447 3185 575 3270 (Matth.
593 3190 645 3268 25,
670 3186 758 3271 41.):
794 3186 953 3253 Diseedits
968 3209 986 3253 a
1004 3208 1055 3252 ma
1078 3186 1237 3253 maledieti
1259 3188 1291 3253 in
1307 3179 1415 3272 ignem

293 3299 467 3375 aeternum,
492 3293 545 3378 qui
568 3299 700 3378 paratus
725 3300 773 3361 est
797 3293 925 3360 diabolo
943 3299 973 3360 et
988 3293 1109 3378 angelis
1133 3296 1211 3379 ejus,
1247 3293 1416 3373 Quomodo

295 3387 380 3468 eniin
403 3419 502 3486 opera
534 3401 600 3485 ejus
630 3409 816 3469 amaverunt
846 3422 942 3486 super
971 3407 1108 3483 terram,
1141 3399 1241 3468 atilli
1265 3402 1415 3471 associati

295 3513 468 3576 manebant
489 3529 549 3593 per
571 3508 667 3574 ritam
693 3530 801 3590 snam,
831 3510 877 3576 sio
900 3511 997 3575 etiam
1024 3508 1069 3574 illi
1093 3508 1242 3576 assoeiati
1265 3517 1359 3576 erunt
1382 3510 1416 3576 in

295 3616 426 3698 inferno,
452 3615 478 3681 si
500 3617 618 3682 mortui
642 3620 734 3681 erunt
755 3615 789 3682 in
812 3615 876 3682 suis
899 3614 1070 3682 immundis
1093 3617 1331 3684 intentionibus.

385 3722 485 3788 Deeet
506 3723 590 3788 enirn
603 3721 826 3804 Christianum,
852 3727 887 3788 ut
909 3721 1051 3789 ambulet
1073 3723 1107 3788 in
1123 3723 1281 3790 mandatis
1299 3723 1417 3792 Christi

200 3877 209 3894 .
297 3828 500 3900 assimulate
522 3829 606 3913 Deo,
638 3831 720 3896 siout
742 3829 799 3896 filii
831 3829 936 3897 dileoti
966 3829 1192 3898 assimulantur
1215 3832 1247 3898 in
1273 3832 1358 3897 omni
1379 3852 1415 3898 re

298 3935 434 4006 Christo.
476 3936 586 4022 Neque
610 3939 695 4004 enim
718 3937 948 4023 blasphemant,
973 3959 1076 4023 neque
1099 3943 1290 4020 soortautur,
1314 3957 1415 4022 nequo

298 4049 372 4110 sunt
395 4043 558 4125 irrisores,
589 4060 691 4128 nequo
716 4049 958 4126 obtrectatores,
992 4065 1054 4110 non
1078 4043 1189 4111 vitiose
1214 4045 1321 4111 vivunt
1344 4063 1415 4110 cum

299 4149 409 4220 otiosis
433 4149 630 4235 mulieribus,
655 4171 674 4217 a
697 4149 869 4233 mendaciis
893 4157 966 4218 sunt
989 4148 1101 4236 alieni,
1126 4172 1189 4218 non
1212 4150 1341 4236 eupiunt
1364 4171 1414 4232 ea,
1451 4239 1461 4264 ⁸
