3068 4758
1240 535 1283 602 88

160 710 301 796 dicitque
316 710 432 782 dehoc
454 709 575 797 (officio
584 712 779 798 ·uccturuo):
804 710 911 779 Media
929 717 1037 780 autem
1052 717 1147 782 nocte
1162 713 1286 782 clamor

63 873 72 898 .
160 819 265 887 iactus
281 825 339 904 cai,
364 841 436 890 ecee
451 842 585 908 sponsus
599 822 695 904 venit,
718 822 802 890 exite
817 820 941 888 obviam
960 821 999 886 ei.
1025 820 1156 904 (Matth.
1170 825 1223 903 25,
1239 821 1284 906 6.)
1356 817 1361 826 “

250 925 353 997 Porro
374 930 471 996 etiam
485 935 638 1014 tempore,
663 950 726 1015 quo
742 929 827 1022 cauit
842 927 953 1012 gallus,
976 928 1191 996 instituendae
1213 933 1287 996 suut
1327 947 1331 958 “
1407 961 1411 966 ·

160 1052 272 1120 preces
287 1035 319 1102 iu
335 1036 478 1120 ecclesia,
502 1038 577 1121 quia
588 1038 743 1125 Domiuus
759 1037 852 1104 dicit:
885 1036 1033 1121 Vigilate,
1057 1036 1132 1123 quia
1148 1034 1285 1116 nemus,

160 1162 227 1228 qua
248 1141 330 1210 horo
352 1143 437 1210 filius
459 1143 598 1214 hominis
621 1151 771 1212 venturus
793 1145 845 1227 sit,
879 1143 966 1227 (sero
989 1167 1031 1212 au
1055 1143 1160 1211 media
1180 1141 1287 1227 nocte)

161 1266 204 1313 uu
227 1249 304 1332 galli
326 1256 431 1334 cantu,
456 1273 497 1318 au
519 1273 624 1320 mane.
674 1252 787 1334 (Marc.
814 1256 871 1334 13,
898 1251 966 1335 35.)

254 1356 395 1439 Obligati
419 1379 527 1427 sumus
557 1359 670 1444 igitur,
705 1364 741 1424 ut
764 1357 824 1425 Dei
856 1356 1062 1426 recordemur
1088 1361 1174 1427 omui
1196 1357 1287 1426 hora.

162 1461 206 1528 m
229 1465 359 1548 quaudo
382 1465 454 1551 quis
478 1467 631 1534 iusomuis
663 1488 764 1551 supra
799 1466 917 1534 lectum
947 1467 1071 1552 positus
1095 1474 1161 1549 est,
1193 1467 1289 1534 debet

162 1589 258 1638 orare
280 1571 312 1638 iu
337 1575 434 1640 corde
457 1595 535 1651 suo;
558 1577 619 1644 hoc
641 1574 737 1642 modo
760 1574 889 1642 faciem.

251 1681 320 1748 Nos
335 1680 504 1748 Christiani
519 1703 654 1750 unacum
672 1681 916 1750 Oatechumeuis
932 1683 1066 1750 invicem
1090 1682 1287 1749 instruamus

161 1786 376 1873 nosmetipsos
399 1787 594 1858 deservitio
618 1790 689 1873 dei;
718 1799 794 1858 tuuc
824 1789 943 1859 diaboli
970 1813 1035 1858 nou
1058 1797 1288 1877 poesuutcou·

163 1891 296 1959 tristare
318 1914 395 1978 uos,
427 1898 556 1981 quaudo
579 1895 613 1962 iu
643 1896 731 1963 omui
763 1896 908 1964 oratioue
929 1896 1138 1965 recordamur
1161 1895 1289 1965 Christi.

164 2157 339 2226 XXVIII.
390 2157 504 2227 Canon
546 2162 720 2246 nocuimus
758 2167 896 2229 comeus.
951 2159 1085 2229 Nemini
1124 2161 1292 2230 Fideiinm

165 2275 278 2355 licere,
310 2281 348 2342 nt
375 2278 545 2362 quicquam
573 2283 696 2362 qusint,
725 2283 896 2362 numquam
917 2298 1013 2346 sacra
1036 2281 1190 2366 mysteria
1221 2279 1292 2365 (en-

237 2390 427 2478 ciaristica)
450 2393 611 2474 sument,
635 2391 789 2476 inprimis
811 2399 950 2480 tempore
969 2397 1092 2482 jejunii
1114 2398 1229 2466 suncti.

256 2581 305 2646 Ne
337 2585 445 2663 gustet
480 2579 595 2666 aliquis
629 2580 784 2646 Fidelium
815 2581 1001 2668 quicquam,
1037 2583 1099 2651 nisi
1129 2589 1223 2650 autea
1253 2583 1294 2650 de

167 2689 374 2754 sacrementis
408 2688 573 2770 sumserit,
607 2689 797 2772 praesertim
821 2689 935 2757 diebus
954 2689 1078 2778 jejunii.
1125 2689 1294 2756 Caeterum

167 2791 273 2862 clerici
296 2803 429 2863 careant
453 2817 523 2864 oum
548 2795 773 2878 sollicitudine,
797 2797 837 2864 rie
862 2817 1053 2886 quemquam
1073 2797 1294 2866 adsumenda

169 2909 372 2972 sacramenta
393 2905 537 2986 invitent,
562 2903 623 2972 nisi
646 2903 733 2972 solos
754 2905 876 2973 fiffeles.

169 3166 302 3236 XXIX.
341 3167 452 3238 Oanon
480 3170 654 3254 mansimus
683 3189 795 3238 monac.
842 3168 1089 3240 Etmtmicticas
1119 3171 1295 3238 oblationum

167 3306 270 3368 cupra
299 3285 401 3352 altori
427 3285 574 3352 uitiatas
601 3285 676 3352 benc
707 3285 934 3352 mastodicndas
956 3307 1037 3366 csse,
1061 3307 1101 3354 ne
1123 3287 1294 3370 qummmm

168 3402 204 3466 in
233 3401 363 3468 caiicnn
390 3407 537 3468 canotum
566 3404 706 3481 incidat,
745 3423 821 3469 nece
855 3403 1159 3470 commitantibus
1188 3421 1294 3470 emer·

169 3517 297 3584 dotibus
326 3517 376 3584 cei
399 3517 551 3600 fidelibus
580 3519 750 3602 micenam
782 3518 839 3602 (dc
868 3537 894 3584 s.
917 3517 1049 3602 tertiis)
1081 3519 1222 3599 dedici,
1254 3541 1295 3587 ne

169 3636 308 3717 spiritus
329 3633 491 3718 malianum
513 3635 558 3700 iic
576 3636 733 3718 potiatur.
770 3633 866 3702 Intro
887 3633 989 3701 ocium
1011 3635 1062 3702 nii
1078 3637 1294 3719 pronunciari

171 3749 290 3830 dobere,
313 3750 380 3816 nisi
402 3749 569 3818 motiones.
605 3749 723 3816 Finita
745 3751 958 3818 communione
977 3749 1134 3820 laicorum
1152 3751 1295 3835 psalmos

142 3885 236 3948 ,cecc
257 3867 439 3934 mcitanioc
461 3865 526 3933 ioco
549 3865 843 3935 tintinnabulorum.
890 3865 942 3934 Dc
962 3867 1059 3953 siam
1082 3869 1195 3938 mucis.
1242 3867 1295 3938 Dc

194 3961 197 3969 ¹
339 3983 543 4069 projiciendo
561 3983 693 4067 pulum
715 3983 846 4054 Altaria
868 3985 1118 4054 insomnium.

263 4141 354 4210 Stant
382 4141 488 4212 clerici
513 4142 598 4226 (aliis
630 4142 757 4230 officiis)
793 4168 857 4214 nou
879 4145 1026 4228 occupati
1048 4166 1150 4232 prope
1173 4143 1292 4228 Altarc,

174 4251 302 4340 quaudo
325 4259 474 4338 paratum
498 4259 546 4320 cst
569 4249 625 4336 (ad
638 4252 868 4335 perficiendum
887 4249 1105 4338 sacrificium);
1130 4274 1210 4374 uuus
1231 4257 1296 4320 stet

1103 4377 1138 4438 60
