3068 4758
1265 390 1306 454 ‘11

184 557 345 626 eedsntias
369 560 419 628 rel
440 565 609 647 potestatis
633 561 790 644 elevatus,
823 569 1011 632 ornamento
1030 563 1190 648 justitiae,
1222 562 1309 649 quod

185 674 238 734 est
253 669 419 736 seeundum
438 669 654 754 Euangeliou,
670 691 733 737 non
748 669 899 754 induitur,
922 671 974 737 hie
989 693 1010 738 a
1025 691 1120 756 grege
1136 668 1306 756 (fidelium)

186 783 383 858 segregetur,
412 775 651 863 Episcopusque
674 797 780 844 eoram
804 778 924 844 illone
948 785 1029 845 oret.

451 1093 548 1163 XIV.
590 1093 701 1164 Conon
724 1096 866 1163 desimus
889 1103 1033 1180 pomos.

277 1306 471 1376 Christianus
502 1330 567 1376 non
600 1311 658 1376 fiat
691 1309 823 1394 propriu
851 1299 1013 1376 voluntate
1040 1309 1151 1392 miles,
1185 1309 1246 1375 nisi
1269 1309 1311 1376 sit

150 1429 158 1441 ‘
187 1421 313 1480 coaetus
334 1415 460 1482 eduee.
508 1417 634 1482 Habeat
658 1417 810 1499 gladium,
835 1423 944 1482 aveat
966 1425 1083 1498 tamem
1108 1439 1147 1506 ne
1170 1416 1310 1483 oriminis

187 1523 347 1606 sanguinis
371 1523 463 1590 effusi
485 1522 543 1590 liat
565 1545 647 1593 reus.
694 1524 727 1591 Si
750 1521 949 1608 compertum
972 1531 1033 1606 est,
1058 1525 1242 1608 sanguinem
1267 1529 1309 1591 ab

188 1648 225 1693 eo
241 1651 310 1695 esse
333 1629 478 1712 effusum,
503 1631 782 1715 aparticipatione
806 1631 1031 1716 mysteriorum
1054 1633 1221 1714 abstineat,
1246 1632 1308 1698 nisi

114 1741 130 1774 ⁸
186 1737 269 1803 forte
290 1736 443 1820 singulari
466 1741 671 1805 conversione
702 1759 827 1804 morum
858 1759 929 1804 eum
963 1739 1102 1805 lacrimis
1125 1747 1157 1806 et
1179 1741 1311 1824 planetu

187 1851 347 1911 correctus
370 1845 442 1912 erit.
489 1845 637 1912 Attamen
660 1846 729 1928 ejus
753 1845 873 1911 oblatio
898 1866 960 1912 noo
984 1847 1025 1913 sit
1046 1844 1121 1914 fieta
1150 1846 1207 1913 sed
1237 1865 1312 1913 enm

187 1951 302 2018 timore
328 1951 399 2066 liei.

189 2268 226 2334 X
229 2269 264 2338 V.
302 2269 412 2338 Oanos
434 2271 577 2339 decimos
592 2273 725 2357 quintus
741 2271 779 2340 de
794 2273 989 2357 quibusdum
1003 2273 1153 2356 opertus
1173 2273 1311 2343 illicitis.

278 2487 477 2568 Fornicator,
509 2489 558 2554 vel
590 2489 643 2572 qui
675 2493 842 2572 quaestum
873 2509 912 2554 ex
937 2485 1145 2556 fornicatione
1175 2491 1312 2576 quaerit,

191 2591 241 2659 vel
263 2593 430 2676 cinaedus,
462 2594 610 2678 inprimis
633 2602 760 2677 summ,
793 2598 846 2680 qui
877 2594 1045 2664 mendacia
1072 2595 1166 2678 dicit,
1199 2594 1313 2662 deinde

190 2699 301 2782 singoli
325 2700 474 2795 soeordes
499 2707 531 2767 et
551 2701 665 2768 vitiose
686 2703 819 2784 inertes,
844 2700 895 2768 vel
916 2711 1026 2768 asotus
1050 2703 1117 2786 (i),
1151 2702 1198 2768 vel
1224 2701 1308 2784 mogi

191 2806 239 2872 rel
262 2808 427 2891 astrologi,
450 2807 576 2890 harioli,
599 2809 793 2876 somniorum
818 2809 1018 2894 interpretes,
1043 2808 1311 2896 praestigiatores,

191 2916 422 2998 concitatores,-
436 2915 488 3000 qui
511 2915 635 3001 plebem
653 2915 694 2982 ad
709 2919 822 2984 turbas
844 2916 1078 3001 seditionesque
1100 2921 1312 3002 summouent,

190 3020 240 3086 vel
253 3025 308 3108 qui
322 3021 521 3111 phylacteria
536 3023 715 3106 conficiunt,
740 3024 887 3106 usurarii,
911 3025 1065 3109 injuriosi,
1088 3023 1137 3092 vel
1153 3031 1313 3094 amatores

190 3128 315 3210 mundi,
339 3129 393 3215 qui
414 3130 601 3215 juramentis
625 3129 833 3212 delectantur,
865 3131 923 3216 qui
946 3134 1094 3198 conviciis
1117 3130 1323 3218 circumque,

190 3255 252 3318 que
273 3235 418 3302 homines
440 3239 560 3320 carpit,
584 3235 635 3302 sel
660 3236 854 3318 foeneratur,
887 3235 937 3304 rel
960 3235 1108 3304 homines
1131 3240 1313 3320 coutemnit,

190 3342 240 3410 vel
277 3343 377 3410 horas
415 3342 545 3428 diesque
585 3342 830 3427 (superstitiose)
878 3342 1046 3428 praeeligit
1088 3341 1312 3428 (masuerum),

189 3450 345 3537 quasdam
368 3467 436 3518 esse
460 3451 633 3533 infaustas,
666 3451 700 3516 hi
723 3472 832 3518 omnes
863 3459 895 3519 et
925 3451 978 3536 qui
1008 3450 1127 3518 similes
1158 3461 1231 3519 sont
1253 3452 1313 3534 his,

189 3577 291 3644 oeque
312 3559 354 3626 ad
377 3559 671 3626 eateohumenatum
704 3579 807 3646 neque
835 3559 876 3626 ad
899 3559 1095 3644 baptismum
1126 3559 1315 3627 admittendi

190 3673 273 3750 suot,
298 3665 398 3734 donee
419 3665 460 3733 ab
483 3666 774 3734 omnibus'talibus
799 3667 947 3751 operibus
969 3667 1165 3734 abstineant.
1204 3669 1314 3736 Trium

189 3777 318 3842 testium
341 3774 576 3842 asseveratione
592 3793 672 3857 opus
688 3779 745 3854 est,
770 3775 824 3858 qui
847 3780 1004 3841 testentur
1023 3773 1096 3842 illos
1110 3777 1152 3842 ab
1168 3773 1316 3842 omnibus

190 3880 307 3948 talibus
336 3880 480 3948 nefandis
511 3879 662 3966 operibus
689 3881 756 3965 jum
788 3878 959 3948 resiluisse.
1013 3879 1087 3949 Nou
1120 3899 1197 3948 raro
1229 3880 1315 3948 enim
1348 3909 1353 3922 ·

190 3984 239 4070 lit,
278 3997 315 4056 ut
344 3987 489 4056 homines
529 4007 629 4072 usque
657 3986 699 4056 nd
731 3993 924 4056 senectutem
963 3988 1134 4075 propositis
1170 3987 1235 4056 suis
1267 3987 1314 4054 in·

190 4091 358 4178 mussat,
386 4095 445 4162 nisi
469 4115 592 4164 summa
614 4097 649 4204 si
666 4095 872 4164 conmudsnt
