3074 4780
218 735 333 782 vocare
354 721 475 800 potest,
506 735 617 781 verum
649 737 774 782 sensum
807 737 870 784 non
896 717 1080 802 expressit?
1126 715 1208 782 Huic
1230 721 1337 782 tamen

220 823 396 890 difficultati
419 824 544 891 occurri
569 829 684 909 potest.
724 825 895 909 interpres,
921 828 974 909 qni
997 829 1164 891 venatores
1185 821 1225 890 ab
1242 823 1338 890 eccle·

217 929 265 998 sia
287 931 391 998 arceri
421 930 567 1014 videbat,
599 955 662 999 non
695 931 841 1016 vulgares
872 939 1037 998 venatores
1069 951 1137 999 esse
1165 933 1339 1016 suspicans,

218 1036 403 1105 vocabulum
426 1059 574 1122 graecum
597 1039 751 1105 intactum
775 1039 916 1124 reliquit.

301 1139 333 1210 ‘E
356 1165 472 1226 graeco
495 1144 585 1212 ioute
608 1146 703 1212 istam
727 1145 887 1213 arabicam
918 1147 1210 1230 interpretationem
1233 1150 1336 1212 ortam

217 1271 287 1318 esse
308 1251 468 1318 erroribus
490 1251 681 1337 quibusdum
705 1274 781 1319 vero
804 1252 908 1318 simile
925 1259 981 1320 est.
1021 1251 1107 1318 luter
1131 1273 1195 1334 eos,
1220 1253 1274 1336 qui
1297 1235 1340 1318 on'

217 1359 445 1443 turpitudinem
469 1362 553 1426 vitae
576 1363 616 1426 ab
634 1359 764 1426 ecclesia
788 1360 915 1426 arcendi
933 1365 1046 1442 essent,
1072 1368 1339 1426 connumerantur

218 1481 381 1564 „debiles“
409 1463 548 1595 (ssi-e).
591 1485 661 1563 Qua
682 1485 714 1548 iu
738 1484 832 1568 culpa
861 1490 936 1550 sunt
963 1484 1085 1550 debiles
1107 1485 1270 1563 homiues,
1303 1488 1339 1550 ut

217 1609 376 1675 beneficius
398 1609 561 1689 religionis
592 1609 783 1676 christianae
806 1612 987 1694 priventur,
1014 1629 1095 1694 quae
1118 1608 1159 1672 ad
1183 1626 1338 1692 pauperes

217 1713 398 1800 debilesque
433 1714 585 1783 fovendos
618 1717 705 1782 varie
740 1738 850 1783 omnes
872 1718 1102 1783 -adbortatur‘l
1141 1717 1186 1781 ‘In
1223 1733 1338 1796 graeco

219 1823 393 1908 exemplari
416 1846 478 1891 vox
501 1827 606 1890 rarior
627 1821 717 1905 βλάξ
748 1825 889 1891 extitisse
912 1824 1045 1907 videtur,
1076 1845 1157 1908 quae
1180 1824 1285 1890 adhuc
1306 1823 1338 1888 in

219 1929 336 1997 dialexi
360 1937 392 1996 et
413 1931 691 2018 constitutionibus
705 1933 762 2018 lp.
781 1931 817 2015 (l.
832 1931 873 2014 c.)
897 1938 1051 1998 servatur.
1091 1927 1168 1993 Bio‘
1171 1933 1190 2008 ξ
1210 1955 1228 1996 a
1248 1929 1338 1995 schu-

217 2035 308 2103 liastc
333 2038 431 2124 (apud
449 2038 602 2120 Lagarde,
627 2039 684 2104 rei.
701 2061 746 2120 gr.
764 2063 795 2124 p.
816 2039 869 2121 12)
894 2039 939 2104 ita
955 2038 1129 2122 explicatur·
1144 2033 1163 2100 ὁ
1177 2033 1340 2124 τρυφελός

218 2141 274 2206 καὶ
295 2143 546 2227 ’διακεχυμένοςς
575 2147 606 2210 in
630 2145 731 2214 lexico
756 2147 881 2212 cellarii
906 2144 1082 2229 explicatur
1105 2145 1168 2210 ita:
1202 2142 1336 2226 „mollis

220 2251 382 2334 delicatus,
408 2254 561 2334 lascivus3
591 2253 738 2336 stolidus,
763 2254 868 2334 hebes,
894 2251 1071 2338 stupidus.“

308 2357 426 2424 Similis
454 2381 554 2440 error,
587 2361 689 2443 magis
722 2359 827 2425 adbuc
858 2367 1007 2444 apertus,
1040 2357 1069 2422 in
1101 2354 1339 2442 interpretanda

218 2485 294 2531 voce
330 2465 449 2550 ψῆφός
479 2464 603 2532 accidit.
657 2466 820 2550 Interpres
853 2487 921 2531 eam
960 2463 1180 2531 tantummodo
1220 2459 1337 2545 signifi·

219 2571 372 2640 sationem
390 2573 514 2638 novisse
530 2573 666 2655 videtur,
682 2594 746 2655 qua
761 2577 876 2661 ψῆφος
892 2583 939 2640 est
955 2573 1124 2652 decretum,
1142 2571 1336 2652 suffragium.

218 2695 449 2783 Interpretatur
480 2697 562 2762 enim
594 2678 722 2810 (3455)
754 2697 997 2782 „approbatio“.
1014 2695 1038 2778 ¹)
1089 2695 1126 2760 In
1160 2717 1198 2762 eo
1231 2701 1337 2762 autem

219 2821 307 2901 loco,
343 2825 397 2888 ubi
421 2822 501 2888 haec
524 2845 586 2888 vox
609 2825 760 2904 occurrit,
795 2819 886 2906 (Gan.
912 2821 967 2906 30)
991 2821 1110 2908 ψῆφος
1147 2819 1336 2900 „calculum

218 2927 371 3013 lapillum,
396 2927 534 3014 lapidem
558 2931 757 3014 pretiosum¹‘
789 2930 957 3014 significat,
990 2935 1040 2992 est
1063 2927 1146 2993 enim
1171 2926 1259 2991 locus
1283 2925 1336 2992 de·

219 3043 340 3102 sumtus
363 3056 402 3101 ex
423 3057 506 3103 novo
529 3037 614 3102 Test.
648 3037 795 3122 (Apocnl.
821 3042 856 3115 2,
884 3040 935 3100 17.
968 3032 1063 3098 δώσω
1095 3030 1184 3119 αὐτῷ
1215 3035 1350 3119 unipes.

217 3137 335 3227 troada
364 3139 421 3204 καὶ
453 3141 511 3206 ἐπὶ
541 3142 604 3226 τήν
634 3145 755 3229 ψῆφον
786 3136 893 3224 ὄνομα
923 3139 1062 3223 καινόν.)
1115 3140 1200 3204 Fieri
1229 3145 1337 3206 tamen

217 3249 338 3332 potuit,
370 3257 406 3316 nt
436 3251 468 3316 in
500 3251 623 3334 coptico
654 3251 827 3334 exemplari
858 3259 983 3318 servata
1013 3255 1097 3316 esset
1124 3268 1184 3314 vox
1208 3249 1335 3334 ψῆφος.

219 3354 343 3423 Revera
365 3355 508 3438 candem,
533 3378 724 3442 quamquam
750 3355 834 3422 male
857 3357 888 3422 in
913 3366 1022 3441 ψυχος
1045 3355 1262 3439 depravatam,
1287 3375 1337 3420 ex-

218 3469 286 3528 tsre
308 3463 341 3530 in
356 3463 426 3530 loco
447 3463 646 3530 Didascaliae
668 3464 820 3548 cepimus,
847 3462 997 3543 videmus,
1022 3461 1075 3528 ubi
1099 3459 1218 3526 decreti
1239 3459 1338 3543 signi-

219 3571 397 3636 ficationem
413 3569 545 3651 obtinet,
570 3590 632 3654 quo
648 3569 680 3636 in
698 3569 769 3636 loco
785 3570 939 3652 interpres
952 3565 1064 3647 Arabs,
1082 3571 1163 3632 teste
1176 3565 1335 3650 Tattamo,

219 3673 313 3804 les?
338 3692 454 3776 nouit-
470 3693 497 3776 ²)

264 3837 269 3848 ·
307 3817 380 3884 alio
401 3817 473 3886 loco
497 3840 557 3886 vox
578 3818 684 3902 primo
714 3816 832 3897 latins,
867 3817 982 3885 deinde
1005 3818 1035 3882 in
1059 3837 1148 3884 usum
1172 3813 1335 3900 vulgarem

291 4051 316 4118 l)
334 4051 477 4122 Scriptum
496 4053 538 4105 est
565 4031 664 4162 ussi
698 4063 770 4118 quae
788 4021 906 4119 scriptio
931 4051 1081 4115 antequam
1106 4064 1229 4104 errorem
1249 4065 1335 4122 agno·

221 4175 334 4226 mem,
353 4157 473 4214 multum
491 4173 536 4212 me
554 4153 688 4210 exercuit.

288 4265 320 4333 2)
341 4281 368 4336 p.
390 4265 449 4320 itt.
512 4255 518 4266 '
