3074 4780
1242 471 1281 536 17

254 645 329 716 Nou
352 643 534 730 elligitur,
566 665 622 713 our
646 643 805 728 miremur,
837 645 870 712 in
894 643 1097 716 clementinis
1127 644 1283 732 quaedam

167 761 336 847 praecepta
358 775 534 836 occurrere,
559 753 673 838 quibus
695 753 840 836 magistri
863 757 1016 836 tanquam
1039 754 1109 838 lege
1125 755 1284 834 consolen-

166 864 229 930 tiae
253 867 415 928 uterentur
438 860 480 926 ad
497 881 610 928 munus
633 882 726 928 suum
749 860 922 928 christiano
938 863 1035 926 modo
1058 860 1285 926 administran-

164 955 251 1036 dum.
288 967 325 1034 In
341 967 621 1036 constitutionibus
634 971 744 1052 Apost
769 965 908 1052 (tvm.
932 987 959 1038 e.
978 966 1033 1054 32)
1057 966 1285 1054 praescribitur

162 1077 241 1144 hoc:
277 1061 336 1156 Qui
372 1075 481 1166 docet,
500 1072 536 1158 (d.
565 1073 744 1158 διδάσκων)
779 1075 923 1160 quamvis
957 1074 1055 1142 laicus
1090 1075 1150 1154 eit,
1190 1072 1285 1140 modo

162 1183 508 1270 peritusinsermone
532 1201 717 1274 aemorum
742 1185 902 1270 probitate
927 1190 1068 1261 ornatus,
1094 1181 1217 1248 doceat
1289 1218 1300 1226 -

256 1306 343 1374 Haeo
358 1307 538 1390 auguratio
553 1307 714 1392 praecepti
730 1307 843 1376 aetatis
859 1306 1076 1392 perseeutione
1098 1304 1287 1390 posterioris
1350 1322 1355 1334 “

171 1413 314 1480 iudicium
338 1420 396 1483 est.
443 1413 571 1480 Fortius
593 1413 635 1478 de
658 1413 769 1478 eadem
794 1435 830 1478 re
853 1411 999 1495 Syriaeue
1027 1412 1108 1480 liber
1131 1411 1287 1480 semeles
1336 1474 1341 1478 .

170 1520 338 1588 Clementis
362 1519 461 1605 (apud
485 1520 697 1603 Lagardium:
731 1519 894 1605 Reliquiae
912 1520 994 1604 juris
1017 1518 1126 1588 eoolee.
1146 1517 1286 1606 Syriaee.

172 1632 265 1694 leto.
282 1649 313 1712 p.
329 1633 379 1696 16.
397 1627 456 1694 eol'.
471 1632 490 1694 6
504 1627 606 1712 seqq.)
627 1628 707 1694 haee
723 1626 930 1711 praeseribit:
954 1627 1098 1712 „Siquis
1114 1644 1286 1710 puerorum

164 1733 318 1816 ¹magister
342 1739 390 1801 est
413 1735 443 1802 iu
469 1734 625 1818 sapientia
647 1733 817 1818 mundana,
841 1733 921 1804 bene
944 1741 1009 1814 est,
1041 1733 1068 1798 si
1092 1733 1189 1816 (haue
1212 1754 1288 1816 pro·

167 1840 350 1923 sessionem)
381 1839 524 1908 dimittit.
570 1841 663 1920 Quod
686 1840 811 1909 sivero
842 1841 938 1908 auam
962 1846 1063 1911 artem
1091 1861 1154 1908 non
1176 1840 1287 1919 habet,

169 1947 252 2014 uude
273 1947 369 2030 vivat,
392 1947 485 2024 venia
507 1946 553 2016 illi
577 1947 800 2040 eoueedatur.“

256 2073 365 2140 &non
380 2079 490 2140 noster
505 2071 653 2138 arabione
675 2071 839 2158 Hippolyti
864 2071 1070 2139 duodecimus
1085 2091 1144 2137 suo
1160 2069 1288 2138 nomine

165 2177 377 2262 „magistrum
400 2199 571 2263 pueromm
596 2179 704 2264 quiin
729 2178 887 2263 sapientia
910 2175 1089 2247 mundana“
1114 2177 1286 2262 discipulos
1354 2169 1361 2182 '

165 2293 301 2366 exercet,
327 2287 613 2369 „grummatioum“
637 2292 747 2374 voert3
771 2284 885 2352 deinde
909 2294 1020 2352 exenta
1041 2289 1216 2370 praecepta
1231 2283 1289 2382 adJ

158 2392 284 2476 jungit,
319 2411 400 2476 quae
434 2391 561 2458 illorum
595 2398 774 2476 temporum
811 2389 1045 2458 conditionibus
1079 2392 1287 2458 conveniunt:

164 2499 433 2580 „Grammaticus
458 2501 511 2584 qui
524 2521 641 2585 parvos
656 2519 773 2584 pueros
789 2500 926 2580 instruit,
950 2502 977 2566 si
991 2499 1087 2566 aliam
1105 2505 1206 2564 artem
1222 2507 1286 2566 nou

160 2605 269 2692 novit,
303 2627 368 2691 qua
397 2606 515 2674 vietum
546 2613 696 2690 quaeret,
730 2607 883 2691 corripiat
913 2627 985 2689 eos,
1018 2607 1072 2690 qui
1095 2609 1222 2690 semper
1245 2606 1287 2673 ab

161 2713 235 2795 ipso
256 2713 475 2793 instruuntur,
507 2714 634 2798 quaudo
666 2714 737 2804 quis
761 2716 954 2794 Daemones,
988 2714 1040 2796 qui
1064 2735 1084 2780 a
1108 2713 1287 2781 Gentilibus

162 2817 217 2884 Dii
240 2827 402 2902 vocantur,
426 2841 600 2903 agnoscere
623 2823 770 2888 videtur“
795 2828 856 2888 eta.

255 2945 406 3023 Berensis
438 2944 576 3032 Syriaca,
616 2965 698 3030 quae
730 2947 762 3012 iu
793 2947 998 3012 'l'estameuto
1027 2945 1106 3012 Jesu
1144 2951 1287 3032 apparet,

160 3069 311 3133 graecam
333 3051 504 3118 editionem
529 3055 632 3119 octavi
655 3053 728 3120 libri
760 3052 1022 3121 constitutionum
1050 3057 1182 3138 superat
1204 3051 1287 3120 onti-

94 3169 99 3178 '
160 3159 299 3242 quitate,
323 3165 494 3242 superatur
517 3163 622 3225 autem
647 3179 667 3224 a
690 3163 803 3226 nostru
826 3179 957 3225 canone.

256 3297 452 3367 certioribus
490 3301 584 3368 etiam
618 3301 714 3386 signis
745 3301 944 3388 antiquitatis
976 3321 1014 3367 ea
1044 3299 1286 3368 adnumeranda

159 3413 248 3489 sunt,
272 3429 356 3492 quae
379 3409 462 3492 (ean.
488 3413 539 3476 32.
567 3413 618 3475 33.
647 3409 714 3494 35.)
739 3407 779 3474 de
804 3407 959 3494 Agapis,
984 3409 1049 3476 sive
1072 3406 1112 3474 de
1137 3407 1289 3478 Christia-

161 3534 281 3580 norum
317 3513 417 3600 epulis
453 3513 513 3600 piis
547 3517 729 3582 traduntur.
777 3513 902 3582 (leenae
934 3513 1023 3596 illas,
1059 3533 1141 3598 quae
1169 3513 1287 3582 inillis

159 3638 338 3705 oanombus
361 3639 479 3720 veltme,
503 3639 631 3724 aeldjim
653 3621 760 3736 (iisd,
785 3641 866 3726 plur.
884 3621 981 3741 §ibt
1010 3646 1172 3722 vocantur,
1196 3659 1288 3708 veras

156 3781 286 3844 agapas
318 3783 396 3846 esse,
421 3785 460 3830 ex
483 3763 722 3850 comparatione
756 3764 848 3848 hujus
873 3763 934 3832 loei
969 3783 1038 3830 eum
1074 3762 1287 3850 descriptione

157 3870 382 3937 Tertulliauea
405 3890 581 3956 agaparum
604 3861 747 3956 apparet.
787 3871 969 3964 (Apologet.
993 3891 1020 3936 a.
1039 3871 1105 3954 39).
1141 3871 1287 3938 Canoues

154 3977 267 4042 nostri
291 3967 403 4046 do'his
427 3979 525 4062 epulis
557 3987 621 4044 tam
647 3987 774 4064 aperte,
807 3986 873 4044 tam
896 3979 1026 4063 eopiosa
1048 3977 1227 4062 loquuntur,
1253 3983 1288 4044 ut

155 4090 327 4166 appareat,
353 4107 390 4152 eo
407 4089 561 4171 tempore,
586 4105 649 4170 quo
673 4085 792 4152 conditi
818 4091 898 4170 sunt,
922 4085 1006 4152 bono
1028 4105 1120 4152 usum
1144 4083 1286 4154 nondum

154 4187 190 4254 ia
221 4187 455 4258 desuetudinem
482 4191 613 4259 venisse.

1109 4299 1126 4352 2
