3074 4780
228 429 276 504 26*

315 603 436 672 Auctor
463 603 821 689 philosophumenorum
847 601 1013 672 Callistum
1037 605 1111 674 ideo
1134 623 1257 672 severe
1287 606 1389 674 vitu·

226 717 334 797 perat,
350 712 375 796 ¹)
412 712 496 797 quod
531 713 677 797 bigamos
713 713 754 780 ad
789 713 974 782 diaconatus
1014 713 1063 780 vel
1106 711 1390 800 presbyteratus

228 818 354 888 ordines
377 821 577 905 proveheret.

230 987 235 992 .
316 928 404 1006 Quae
428 927 596 1020 difficultas
620 927 742 1008 nescio,
767 948 808 994 an
832 929 877 994 sic
900 927 1046 1016 componi
1070 927 1179 1012 possit,
1204 933 1250 994 ut
1279 929 1384 998 idem

228 1030 418 1120 Hippolytus
432 1042 544 1100 contra
560 1033 729 1119 bigamiam
750 1054 887 1116 severus,
905 1033 997 1102 unice
1013 1033 1219 1128 matrimonio
1241 1037 1382 1106 favisse

227 1140 386 1210 credatur.

317 1248 439 1352 Dciqde
469 1248 678 1336 suspicionem
710 1248 897 1316 recentioris
928 1247 1043 1316 aetatis
1074 1269 1201 1318 movere
1233 1257 1375 1333 potest,

227 1353 313 1440 quod
338 1355 419 1439 (can.
445 1357 479 1442 3)
510 1356 664 1442 quaedam
689 1357 866 1440 fragmenta
889 1339 1044 1440 liturgiae*
1059 1354 1249 1438 afferuntur,
1281 1379 1376 1442 quae

228 1460 269 1528 ad
293 1462 490 1547 anaphoram
515 1461 562 1530 st.
588 1463 687 1532 Marci
711 1463 870 1547 pertinere
894 1462 1048 1530 videntur.

316 1569 442 1636 Norunt
473 1569 624 1653 liturgici,
658 1569 810 1653 originem
836 1575 868 1636 et
890 1577 1027 1637 aetatem
1056 1568 1139 1636 illius
1162 1571 1372 1655 anaphoras

228 1677 380 1742 incertam
406 1696 494 1756 esse,
526 1696 628 1761 neque
660 1676 788 1760 probari
811 1695 914 1760 posse,
949 1675 1068 1761 Coptos
1091 1675 1146 1742 illa
1169 1699 1250 1744 nsos
1279 1699 1371 1746 esse.

227 1784 335 1863 Aeque
358 1780 510 1848 incertum
525 1786 579 1863 cst,
605 1803 666 1867 quo
683 1802 796 1866 genere
819 1781 1053 1865 anaphorarum
1071 1780 1194 1862 Graeci,
1223 1783 1368 1852 saeculo

228 1887 368 1980 secundo
391 1887 529 1971 finiente,
553 1888 711 1974 tertioque
723 1887 900 1974 incipiente,
926 1889 1046 1954 Romae
1062 1887 1196 1954 nsi'sint.
1240 1889 1296 1956 Ex
1315 1913 1366 1972 ea,

227 2014 309 2079 quae
331 1994 413 2060 inter
435 1992 642 2079 Hippolytum
668 2000 700 2060 et
719 1993 878 2075 Originem
903 1993 1081 2060 intercessit
1104 1995 1364 2080 necessitudine,

230 2100 384 2186 suspicari
414 2099 504 2182 licet,
539 2101 743 2188 Hippolytum
777 2099 818 2166 ab
843 2121 900 2166 usu
925 2100 1233 2171 Alexandrinorum
1261 2101 1366 2173 fnisse

226 2207 374 2274 alienum.
421 2207 569 2288 Forsitan
592 2217 624 2274 et
646 2208 714 2292 ipse
738 2206 769 2271 in
794 2208 939 2291 Aegypto
963 2213 1069 2288 natus,
1095 2207 1357 2278 Alexandrinam

227 2315 436 2381 eruditionem
460 2323 491 2382 et
514 2314 673 2396 liturgiam
697 2316 829 2382 Romam
855 2314 970 2384 attulit.
985 2315 1012 2398 ³)

318 2421 409 2500 Quod
432 2442 628 2507 quocumque
651 2423 746 2488 modo
771 2443 805 2486 se
823 2420 950 2502 habeat,
975 2421 1123 2506 pretiosis
1146 2422 1357 2508 antiquitatis
1449 2409 1456 2415 ’

167 2603 171 2615 Ι
227 2527 369 2612 reliquiis
403 2529 461 2595 hos
496 2550 632 2596 canones
669 2527 924 2595 adnumerandus
959 2549 1047 2610 esse,
1088 2535 1232 2612 apparet.
1283 2533 1354 2611 Quo

229 2636 342 2702 certius
377 2638 457 2703 inter
493 2637 680 2704 documenta
716 2637 910 2704 Constantini
949 2641 1092 2721 tempore
1129 2635 1239 2719 priora
1279 2646 1355 2707 sunt

229 2743 401 2825 referendi,
434 2765 473 2810 eo
496 2743 597 2827 pluris
617 2742 806 2830 ,faciendum
837 2750 901 2824 cst,
935 2743 1019 2826 quod
1051 2763 1114 2810 non
1141 2742 1238 2810 modo
1270 2745 1351 2812 carii

227 2843 307 2916 ritus
324 2849 484 2917 Ecclesiae
507 2851 569 2916 illis
593 2851 917 2936 comprehenduntur,
942 2851 998 2916 sed
1022 2850 1117 2917 etiam
1142 2850 1288 2919 doctrina
1312 2853 1353 2919 de

100 3005 103 3016 ,
197 3033 204 3038 ,
229 2954 365 3039 Spiritus
390 2957 489 3024 sancti
514 2957 715 3042 processione
743 2977 782 3023 ex
807 2959 900 3024 Patre
931 2957 1093 3042 filioque
1124 2957 1263 3025 dilucide
1285 2967 1349 3027 tra·

209 3063 324 3129 ‘ditum
372 3065 462 3148 (Can.
491 3065 555 3150 19.)

239 3362 244 3374 ι
302 3329 335 3398 1)’
349 3331 387 3385 Cf.
409 3331 562 3402 Dollinger,
585 3332 699 3402 Hippol.
725 3350 751 3401 p.
773 3333 824 3385 140
843 3348 919 3420 seqq.

300 3438 328 3506 2)
348 3437 470 3492 Ulterius
489 3437 658 3505 conjecturis
684 3453 740 3490 non
766 3435 969 3506 indulgendum
989 3440 1039 3490 cst.
1076 3435 1140 3490 Jam
1159 3437 1275 3492 nimium
1294 3438 1347 3492 hac
1382 3485 1384 3490 .

229 3527 257 3582 in
278 3531 359 3597 parte
377 3543 460 3580 ausus
481 3543 538 3581 esse
557 3525 669 3581 videtur
688 3535 788 3580 auctor
806 3525 886 3589 libri,
915 3525 961 3579 cui
978 3525 1080 3580 titulus
1099 3530 1158 3580 cst:
1187 3525 1258 3582 Acta
1275 3525 1344 3580 Mar·

229 3620 323 3684 tyrum
342 3615 378 3668 ad
397 3614 475 3669 Ostia
494 3614 629 3668 Tiberina
648 3613 700 3667 sub
720 3611 837 3668 Claudio
858 3613 986 3668 Gothico.
1024 3614 1128 3668 Romae
1149 3616 1225 3669 1795.
1245 3633 1272 3684 p.
1287 3616 1344 3678 134,

229 3703 308 3774 cnjus
325 3703 393 3757 libri
412 3707 612 3770 campartem,
638 3719 709 3772 quae
728 3702 762 3755 de
782 3702 1036 3757 Constitutionibus
1055 3703 1255 3772 Apostolorum
1274 3707 1342 3756 trac·

229 3797 281 3858 tat,
302 3792 398 3860 Migne
417 3791 536 3846 editioni
555 3791 794 3846 constitutionum
819 3795 898 3858 (tom.
919 3791 1022 3859 patrol.
1042 3808 1084 3861 gr.
1106 3791 1117 3844 l
1142 3808 1169 3860 p.
1189 3793 1239 3844 623
1259 3785 1342 3859 seqq.)

230 3881 356 3936 inseruit.
