3068 4758
240 454 310 514 ,116

262 713 264 718 Ι
337 631 385 692 16.
421 628 578 718 Jejunium
604 634 677 691 ante
693 652 715 694 s.
732 627 992 712 Communionem
1018 627 1255 694 observandum
1273 627 1366 692 etiam

246 749 415 849 Clementis
447 750 542 824 liber¹
559 751 715 816 secundus
740 750 887 834 Syriacus
921 751 985 836 (ed.
1012 751 1157 830 Lagarde
1180 772 1210 834 p.
1233 751 1285 832 18)
1315 735 1366 816 iis·

246 877 315 939 dem
340 895 440 956 paene
465 875 592 938 vocibus
618 877 779 958 praecipit,
804 876 920 962 quibus
945 885 1054 939 noster
1078 895 1178 939 canon
1201 877 1307 939 utitur.

338 1021 387 1080 17.
426 1009 647 1094 (latechumeni
670 1019 827 1101 juniores,
858 1039 990 1101 quorum
1018 1017 1183 1113 instructio
1208 1020 1247 1082 ad
1272 1017 1363 1080 finem

245 1162 306 1206 non
333 1147 399 1204 erat
422 1143 590 1223 perducta,
625 1141 736 1205 eodem
769 1153 927 1226 tempore,
963 1163 1024 1223 quo
1057 1142 1272 1224 provectiores
1300 1143 1366 1224 jam

248 1269 511 1350 baptizabantur„
532 1271 570 1332 ab
596 1289 658 1330 uno
684 1267 844 1332 catecheta
869 1267 1135 1347 instruebantur,'
1155 1267 1228 1350 quia
1251 1266 1367 1330 caeteri

245 1394 286 1456 ad
311 1393 541 1459 caeremoniam
568 1392 712 1456 festivam
740 1393 890 1474 baptismi
920 1393 1043 1456 invitati
1067 1397 1164 1457 erant.
1212 1393 1263 1457 Sic
1286 1391 1369 1455 hunc

246 1509 361 1582 locum¹
381 1513 540 1598 intelligo,
578 1518 608 1580 in
641 1539 703 1601 quo
737 1518 839 1581 denuo
871 1524 1021 1600 apparet,
1058 1525 1219 1582 auctorem
1254 1519 1366 1581 horum

248 1663 402 1706 canonum
429 1665 467 1706 ex
491 1644 623 1708 caeteris
655 1644 862 1723 docurueutiS,
897 1643 987 1707 uobis
1013 1643 1103 1722 notis,
1131 1664 1192 1706 non
1216 1642 1366 1724 pendere.

340 1745 543 1864 Quamquam
577 1774 678 1833 autem
729 1767 944 1840 catechumeni
992 1789 1060 1832 cum
1099 1765 1265 1850 neophytis
1303 1787 1367 1832 non
1437 1817 1440 1824 ,

250 1885 451 1973 feriarentur,
477 1901 581 1958 tamen
607 1913 674 1959 cum
693 1895 770 1977 ipsis
783 1893 979 1976 jejunabant.
1016 1895 1084 1957 Hoc
1105 1893 1136 1957 in
1153 1894 1215 1957 line
1240 1895 1368 1957 canonis

247 2021 448 2083 observatum
473 2027 529 2086 est.
574 2063 579 2076 .
1248 2007 1251 2018 ’

335 2245 416 2312 XX.
461 2215 557 2308 υ-ἶυ
585 2229 677 2330 &Ml
713 2249 859 2330 proprie:
897 2247 1003 2328 „Quos
1030 2249 1123 2330 (dies)
1148 2233 1259 2314 sedulo
1283 2270 1369 2315 scru-

235 2382 318 2446 tans
342 2375 481 2436 invenies
504 2371 631 2436 hosce“.
681 2374 767 2448 Quae
793 2373 900 2452 lecti0,
932 2395 1125 2456 quamquam
1150 2384 1260 2455 aperte
1285 2379 1368 2438 extet

247 2509 277 2595 in
315 2532 392 2597 (lod.
430 2531 500 2598 Vat.
547 2541 650 2597 tamen
690 2533 848 2615 suspicor,
896 2533 1114 2616 reponendum
1155 2556 1223 2598 esse
1265 2483 1375 2595 azan?
1438 2567 1440 2572 ·

249 2676 331 2756 „Qui
356 2675 451 2760 (dies)
482 2677 615 2759 proprio
640 2698 696 2741 suo
722 2675 847 2742 nomine
871 2676 916 2740 sic
939 2676 1172 2760 appellantu1·.“
1220 2677 1368 2742 Forsitan

228 2839 309 2904 ⁸⁴uon
337 2821 434 2880 eam
462 2820 502 2884 ad
530 2799 632 2912 075ss
656 2819 835 2883 reducenda
851 2827 908 2899 est,
934 2820 1016 2884 uude
1032 2825 1164 2884 verbum
1186 2815 1368 2917 denomina-

249 2979 348 3044 tivum
377 2947 471 3074 033³
504 2981 656 3061 deriuari,
690 2981 791 3044 lexica
821 2989 986 3046 testantur.
1035 2980 1122 3060 Quae
1157 2977 1311 3076 derivatio
1342 2981 1368 3042 si

249 3105 480 3186 admitteretur,
507 3106 688 3170 vertendum
714 3113 777 3170 est:
811 3105 953 3186 „Diebus
974 3106 1093 3188 jejunii,
1118 3105 1172 3188 qui
1196 3107 1368 3171 secundum

250 3231 394 3298 Ganones
417 3238 488 3294 sunt
513 3231 592 3296 seria
615 3231 749 3313 quarta“
775 3237 832 3294 etc.

339 3442 442 3509 XXI.
480 3444 579 3509 Simili
612 3446 708 3509 modo
740 3445 836 3509 tertia
866 3445 997 3509 homilia
1033 3444 1230 3510 Clementina
1263 3445 1294 3528 (ᾗ
1314 3445 1369 3526 69)

236 3564 451 3650 adhortatur,
478 3578 512 3634 ut
527 3569 575 3634 vel
593 3548 722 3652 singulis
746 3571 832 3634 horis
856 3568 971 3634 fratres
996 3569 1191 3634 conveniant.
1217 3605 1258 3614 —
1284 3570 1370 3646 Quae

254 3697 293 3760 de
329 3693 507 3790 medicinali
526 3694 677 3762 ,utilitate
719 3693 980 3778 frequentationis
1023 3695 1173 3760 ecclesiae
1213 3693 1367 3774 dicuntur,

254 3820 329 3886 alibi
353 3844 415 3887 non
440 3829 616 3902 occurrunt,
643 3828 793 3904 quantum
819 3821 963 3904 equidem
989 3819 1125 3884 memini.
1166 3857 1189 3864 -

341 4011 466 4082 XXII.
504 4017 669 4096 Quomodo
695 4015 814 4082 Pascha
838 3981 1060 4082 celebrandum
1084 4017 1133 4096 sit,
1160 4015 1275 4079 docent
1299 4034 1370 4078 con-

254 4141 431 4208 stitutiones
453 4143 671 4226 apostolorum
696 4142 716 4207 l.
733 4143 767 4208 V.
794 4163 819 4208 c.
841 4148 878 4208 13
897 4133 982 4225 seqq.
1019 4141 1152 4224 Propius
1169 4139 1210 4204 'ad
1225 4147 1371 4206 nostrum
