3074 4780
237 473 261 560 4

314 653 344 716 4.
363 646 502 734 Gopiosa
518 652 590 714 sunt
605 647 796 740 documenta
807 641 1032 736 Apostolorum
1048 642 1174 712 nomine
1189 643 1355 732 insignittt3

235 762 363 843 praeter
386 775 522 822 mounes
538 753 764 841 Apostolorum
787 753 967 822 notissimos
983 753 1159 823 offeruntur
1174 753 1228 820 alii
1245 767 1355 822 corun·

235 865 308 932 dem
335 863 564 950 Apostolorum
588 883 733 946 canones,
757 864 866 930 variae
888 861 1141 958 coustitptiones.

314 972 402 1060 Quae
419 971 526 1038 omnia
541 971 650 1055 spuria
666 991 744 1054 esse,
760 969 914 1056 nequead
929 969 1016 1054 ipsos
1029 970 1202 1058 Apostolos
1217 969 1356 1038 referen-

231 1077 288 1161 61,
312 1083 456 1161 constat3
481 1077 583 1144 inesse
606 1083 713 1144 tamen
736 1076 786 1142 his
803 1075 998 1143 documentis
1022 1070 1258 1161 antiquissimas
1282 1077 1365 1156 doe,

233 1185 337 1252 trinae
360 1191 393 1251 et
417 1184 604 1270 disciplinae
628 1181 824 1254 Christianae
848 1182 1014 1268 reliquias,
1039 1204 1077 1250 eo
1100 1183 1218 1251 certius
1241 1202 1355 1269 agnos-

233 1292 335 1384 citur,
367 1313 428 1376 quo
452 1291 580 1360 uberior
611 1291 706 1378 copia
734 1291 912 1358 versionum
935 1282 1065 1377 praesto
1089 1298 1148 1358 cst.
1194 1292 1356 1388 Habemus

235 1387 446 1467 Didascaliam
481 1397 694 1484 aethiopicam
718 1403 749 1466 et
773 1397 938 1482 Goptioam
973 1397 1074 1465 editas
1098 1421 1119 1465 a
1142 1399 1290 1466 Tattam
1323 1407 1357 1468 ot

234 1505 319 1572 Pell
342 1506 460 1588 Platt,
485 1506 647 1591 Syriacam
663 1504 858 1592 Lagardio
883 1504 1043 1589 debemus,
1066 1511 1168 1572 restat
1182 1505 1296 1587 adhuc,
1319 1514 1355 1576 nt

233 1612 361 1680 arabice
385 1613 481 1680 etiam
505 1615 568 1698 legi
592 1616 701 1698 possit.
748 1611 932 1680 Didascalia
965 1612 1095 1682 arabica
1117 1635 1180 1680 non
1203 1599 1299 1682 modo
1322 1602 1354 1684 ln

233 1719 297 1788 hoc.
318 1721 463 1788 vaticano
486 1720 612 1804 codice,
637 1720 813 1788 sedetiam
837 1720 868 1785 in
893 1718 1120 1788 Barberiniano
1142 1726 1175 1787 et
1198 1720 1354 1805 Bongiano

235 1831 268 1892 et
291 1827 475 1912 Bodlejanis
490 1827 516 1913 ¹)
540 1829 687 1896 occurrit.
751 1911 757 1923 .
1360 1837 1362 1844 ’

324 1957 353 2021 5.
378 1951 476 2019 Utin
498 1951 590 2019 libris
612 1951 771 2038 synodicis
796 1951 993 2018 Graecorum
1026 1957 1060 2018 et
1084 1950 1234 2038 Syrorum
1259 1953 1353 2020 etiam

233 2059 266 2128 in
286 2053 351 2138 hac
372 2059 562 2128 collectione
592 2059 714 2142 singula
744 2051 910 2126 doctorum
939 2057 1057 2144 scripta
1080 2059 1293 2142 inveniuntur,
1319 2065 1355 2138 ut

233 2167 279 2234 St.
296 2165 407 2232 Basilii
422 2164 577 2252 epistolae
600 2165 781 2233 canonicae.
824 2164 863 2232 In
884 2163 944 2231 hac
968 2162 1069 2230 classe
1092 2165 1354 2234 documentorum

235 2277 406 2340 occurrunt
429 2271 525 2337 etiam
555 2272 722 2354 „Oenones
746 2269 913 2336 XXXVIII
936 2267 1101 2357 Hippolyti
1126 2269 1249 2336 Summi
1271 2269 1353 2336 Pon·

231 2380 325 2448 tificis
348 2379 515 2449 Romani.“
555 2379 626 2458 Quo
650 2381 751 2466 major
766 2385 815 2444 est
838 2377 933 2462 hujus
956 2377 1166 2463 antiquissimi
1181 2371 1352 2464 Scriptoris

125 2539 127 2546 .
231 2486 398 2566 autoritas,
424 2503 461 2551 eo
485 2484 585 2569 mame
608 2483 788 2550 mirandum
816 2489 879 2565 est,
914 2482 1069 2551 neminem
1092 2485 1154 2552 huc
1177 2507 1277 2570 usquc
1292 2486 1351 2554 hos

233 2593 380 2659 Oenones
415 2590 570 2672 edidisse,
610 2596 645 2656 ut
678 2593 719 2656 ab
755 2587 885 2657 eruditis
921 2591 1181 2676 dijudicarentur.
1234 2591 1355 2663 Extare

183 2779 188 2786 ί
232 2701 376 2767 Oenones
400 2697 591 2790 „Abulidis“
611 2701 679 2785 jam
705 2693 945 2766 Wauslebius
959 2699 985 2782 ¹)
1011 2700 1043 2767 in
1062 2701 1205 2787 Aegypto
1228 2699 1351 2786 didicit,

232 2807 286 2892 qui
309 2807 392 2874 libro
424 2827 483 2872 suo
505 2804 547 2872 de
571 2803 666 2872 rebus
689 2805 786 2887 gestis
818 2805 972 2872 ecclesiae
994 2807 1229 2878 Alexandrinae
1252 2812 1353 2879 Gano-

232 2934 308 2978 num
344 2910 490 2978 Abulidis
523 2912 667 2977 themata
703 2911 815 2995 gallice
850 2911 949 2980 edidit
985 2915 1112 3000 (1677).
1167 2915 1353 3000 Ludollur
1413 2912 1415 2917 ’
1529 2903 1530 2940 ³

230 3019 315 3088 haec
343 3019 450 3103 capita
485 3017 646 3085 Canonum
687 3018 783 3084 latine
820 3041 912 3088 verso
948 3021 1183 3086 Commentario
1217 3039 1276 3086 suo
1309 3023 1350 3090 ad

232 3127 402 3193 historiam
427 3125 644 3212 Aethiopicam
667 3126 798 3194 inseruit
829 3127 872 3211 (a.
900 3133 995 3194 1691.
1019 3151 1050 3212 p.
1077 3125 1165 3206 333.)
1196 3124 1351 3193 Ludolfus

230 3233 380 3315 agnovit,
411 3231 579 3301 Abulidem
613 3231 802 3320 Aethiopum
835 3242 868 3300 ct
898 3235 1036 3298 Arabum
1069 3233 1222 3297 neminem
1255 3232 1352 3300 alium

231 3362 313 3423 esse,
336 3341 398 3407 nisi
414 3340 629 3426 Hippolytum,
653 3342 739 3427 quod
759 3339 955 3407 Wanslebiu's
970 3339 1075 3404 adhoc
1096 3338 1309 3420 ignoraverat.
1324 3340 1351 3426 ⁸)

232 3446 304 3512 Hoc
326 3454 437 3514 nostro
460 3455 604 3534 tempore
619 3449 649 3516 J.
665 3449 713 3516 W.
727 3447 933 3530 Biclrellus,
958 3466 1028 3512 cum
1053 3446 1177 3516 sollerti
1202 3449 1352 3534 indagine

301 3729 327 3802 1)
347 3731 388 3787 De
407 3732 507 3802 quibus
525 3749 549 3787 v.
571 3733 693 3790 Grobo:
726 3732 770 3790 Ar.
797 3733 887 3802 Essay
915 3749 991 3803 upon
1020 3737 1077 3790 two
1087 3733 1227 3790 -Arabicls
1254 3732 1352 3788 Manu·

227 3819 331 3890 scripto
432 3821 482 3876 tlte
500 3821 638 3878 Doctrina
656 3822 688 3878 of
704 3822 753 3878 the
772 3821 910 3891 Apostles.
948 3821 1067 3878 London
1089 3824 1165 3876 1712.
1192 3817 1228 3876 8⁰.
1254 3819 1307 3876 Ed.
1326 3823 1352 3882 2.

299 3926 327 3995 2)
345 3925 471 3983 Histoire
483 3927 519 3984 de
532 3928 640 3999 l'dglise
658 3929 858 3986 d’Alax'andrie
876 3929 964 3986 ecrite
977 3947 1012 3987 au
1025 3929 1106 3986 Caice
1122 3927 1212 3984 meme
1226 3945 1260 3984 en
1276 3926 1344 3984 reta

230 4020 260 4071 et
279 4017 360 4073 1676.
396 4017 476 4073 Paris
497 4020 574 4073 1677.
610 4036 636 4088 p.
657 4021 709 4074 260
727 4017 755 4072 ff.

302 4121 330 4191 3)
349 4121 483 4180 Wanslob
502 4125 583 4180 dicit:
611 4123 662 4192 „Ja
681 4125 737 4179 n’ai
753 4126 915 4198 jomaispd
934 4126 1045 4198 sporoir
1063 4125 1093 4181 ni
1111 4125 1287 4196 conjecturor
1305 4117 1354 4195 qul

227 4215 271 4270 cst
289 4215 336 4270 oet
357 4213 534 4271 Abulides.
563 4231 590 4290 p.
610 4215 672 4268 280.
731 4259 734 4267 .
