3074 4780
352 625 516 709 Egrueco
553 624 641 692 tonte
674 625 734 692 hos
768 645 908 692 canones
943 624 1073 692 fluxisse
1106 643 1144 692 eo
1180 623 1277 691 etism
1311 623 1382 692 loco

263 730 348 816 (eun.
370 731 458 815 ΧΠ.)
492 730 607 815 insigni
631 731 714 798 ellici
744 752 838 816 posse
868 729 1009 813 ridetur,
1046 751 1109 815 quo
1143 729 1382 816 praescribitur,

263 859 417 923 quaenam
450 859 568 922 genera
601 839 859 924 superstitionum
890 845 922 904 st
954 837 1101 905 ludorum
1138 837 1334 906 scenicorum
1365 859 1385 904 a

266 945 453 1014 Christianis
478 950 660 1014 vitarentur.
707 947 870 1030 Interpres
886 946 1032 1014 arabicus
1052 965 1143 1012 rocos
1166 946 1274 1031 plores
1296 967 1384 1030 grae-

264 1073 318 1121 cas
339 1054 483 1137 retinuit,
518 1053 597 1120 alies
626 1055 671 1120 sic
694 1054 874 1134 transtulit,
907 1061 943 1122 ut
966 1054 1017 1122 vix
1049 1057 1230 1137 conjecture
1260 1054 1385 1139 assequi

264 1179 438 1246 possemus,
464 1161 539 1246 quid
558 1161 735 1244 significare
752 1160 896 1240 voluerit,
919 1159 980 1226 nisi
996 1160 1090 1248 hujus
1106 1161 1265 1227 interdicti
1280 1162 1385 1228 variae

264 1266 420 1335 editiones
444 1274 477 1334 et
499 1289 633 1352 graecae
661 1276 693 1335 et
716 1271 874 1336 barbarae
907 1274 1060 1334 extarent.
1107 1268 1261 1336 Graecam
1286 1289 1385 1353 quan·

263 1371 337 1442 dam
360 1364 576 1448 recensionem
590 1374 683 1459 hujus
700 1372 861 1442 interdicti
876 1373 1030 1440 habemus
1047 1373 1224 1460 duplicem:
1249 1375 1383 1444 alteram

263 1483 295 1550 in
319 1479 605 1550 constitutionibus
629 1480 855 1565 Apostolorum
882 1480 917 1563 (l.
931 1479 1017 1549 VIII.
1042 1503 1068 1548 c.
1094 1485 1145 1546 32.
1170 1480 1219 1546 ed.
1245 1479 1385 1548 cotelicr

263 1587 290 1654 Ι.
314 1610 345 1674 p.
364 1591 461 1670 417),
497 1587 631 1654 alterum
662 1587 694 1652 in
724 1587 852 1654 Diatexi
876 1587 935 1674 Ap.
961 1585 996 1672 (1.
1014 1590 1065 1652 20.
1095 1586 1180 1672 apud
1206 1587 1385 1656 Fabricium
1435 1597 1447 1614 ¹

236 1757 240 1764 ,
265 1715 339 1780 opp.
363 1692 491 1779 Hippol.
515 1715 547 1778 p.
572 1699 647 1760 253.
695 1693 849 1778 Lagardc,
882 1693 974 1780 reliq.
997 1714 1043 1778 gr.
1066 1714 1097 1778 p.
1118 1692 1184 1778 11).
1230 1693 1279 1762 Ad
1302 1694 1386 1764 hunc

263 1817 413 1888 maecum
444 1806 563 1868 textum
594 1800 736 1888 proxime
765 1799 888 1867 accedit
919 1799 1099 1868 Didascalia
1129 1801 1273 1886 coptica,
1304 1823 1385 1886 quac

264 1907 423 1993 duplicem
447 1911 581 1975 formum
607 1907 750 1992 ejusdem
764 1906 851 2000 legis
876 1907 989 1987 trudit,
1014 1907 1223 1974 extensionem
1247 1910 1279 1974 in
1303 1909 1384 1976 libro

265 2017 405 2086 serundo
439 2015 485 2102 (p.
500 2020 543 2082 44
566 2015 688 2102 seqq),
724 2015 903 2082 breviorem
934 2016 966 2080 in
997 2013 1079 2082 libro
1110 2021 1200 2082 sexto
1232 2014 1276 2100 (p.
1298 2015 1384 2098 168).

266 2123 375 2190 Tertio
392 2123 461 2190 locu
478 2122 694 2206 comparanda
710 2129 758 2188 est
775 2119 905 2208 Syriaca
928 2119 1035 2202 editio,
1059 2141 1140 2206 quae
1156 2121 1188 2186 in
1206 2116 1386 2204 fragmento

266 2230 338 2297 libri
362 2227 443 2301 sexti
456 2225 625 2292 Clementis
643 2246 743 2310 nuper
758 2225 916 2310 impresso
932 2232 1066 2312 apparet
1090 2226 1205 2313 (Reliq.
1218 2227 1299 2311 juris
1317 2233 1384 2292 ant.

266 2357 328 2422 syr.
352 2332 401 2400 ed.
419 2331 564 2416 hogarde
586 2353 619 2416 p;
639 2335 680 2397 30
701 2330 792 2416 scm).
832 2329 959 2397 Ceteras
983 2333 1151 2414 versiones,
1177 2354 1248 2400 cum
1271 2352 1384 2418 perum

266 2462 326 2510 nos
347 2440 507 2524 adjuvent,
534 2437 656 2504 omitto.
690 2436 830 2520 (logitsri
853 2443 970 2522 posset,
995 2439 1203 2526 interpretem
1225 2439 1386 2506 arabicum

266 2546 440 2633 exemplari
463 2546 586 2632 coptico
610 2565 701 2610 usum
725 2565 804 2625 esse,
826 2550 954 2636 ,constat
969 2546 1063 2629 enim,
1080 2545 1251 2631 quoddixi,
1270 2547 1387 2632 Copten

266 2655 435 2722 innumera
458 2651 614 2720 voeabula
629 2671 753 2734 graeca
778 2673 877 2738 poene
892 2656 1017 2737 Integre
1032 2653 1121 2720 libris
1137 2654 1202 2720 suis
1216 2654 1388 2720 intexuisse

266 2759 410 2848 inprimis
439 2759 497 2842 iis,
528 2760 584 2846 qui
608 2758 647 2823 de
671 2757 766 2826 rebus
796 2760 896 2828 sacris
924 2767 1109 2828 tractarent.
1156 2761 1217 2828 Pro
1241 2762 1387 2846 exemplo

266 2884 310 2950 sit
324 2905 386 2952 vox
401 2883 509 2950 Kiles
523 2860 687 2969 (Μ),
702 2903 761 2968 pro
775 2904 838 2968 qua
848 2884 1096 2952 Burberinianus
1110 2882 1209 2949 hebet
1224 2883 1388 2950 Kenilres

241 3075 244 3080 Α
268 2987 453 3096 (Μ.
497 3006 531 3074 si
554 3006 740 3074 Vaticanum
765 3009 864 3074 secuti
888 3008 992 3074 Kiles
1014 3005 1204 3085 retinemus,
1228 3007 1269 3070 de
1290 3001 1387 3090 xpin-

267 3115 323 3203 τῇ,
359 3115 400 3182 de
430 3136 468 3183 so
499 3115 596 3198 igitur
628 3115 682 3201 qui
716 3100 855 3182 carmine
896 3113 1116 3198 superstitioso
1157 3111 1295 3192 bestias,
1336 3111 1388 3177 vel

268 3227 399 3291 morbos
422 3220 580 3304 deliniret,
598 3221 807 3303 cogitandum
840 3226 932 3318 esset.
978 3217 1056 3286 (lum
1088 3223 1194 3284 sutem
1218 3217 1251 3284 iu
1273 3217 1388 3288 Didas·

268 3330 348 3400 colia
371 3329 495 3416 copticu
516 3350 685 3416 ncrpxoc,
704 3325 893 3395 vocabulum
915 3331 1024 3414 aperte
1046 3346 1214 3412 graecum,
1249 3333 1388 3410 occurat,

268 3439 364 3506 lectio
388 3437 618 3504 Burberininna
648 3435 856 3525 praeferenda
878 3444 937 3502 est.
957 3479 964 3506 .
984 3435 1031 3501 De
1054 3437 1179 3522 κυνηγῷ
1206 3433 1272 3504 sive
1295 3458 1388 3504 veus-
1518 3479 1536 3501 „

268 3552 339 3614 tore
361 3544 457 3626 igitur
480 3551 529 3610 est
544 3564 660 3610 sermo.
707 3544 797 3609 Hanc
824 3562 943 3626 vocem,
968 3563 1161 3629 quamquam
1184 3563 1387 3630 praecoma
1478 3613 1483 3621 ⁴

269 3651 393 3738 curtios
416 3650 590 3736 exemplari
613 3651 772 3735 interpres
794 3650 950 3732 integram
973 3651 1128 3737 recepisse
1151 3651 1250 3716 videri
1272 3653 1387 3732 potest

270 3761 306 3829 Si
320 3760 351 3828 iu
367 3767 455 3834 textu
470 3779 586 3845 grseco
601 3779 709 3826 vocem
725 3759 903 3843 invenisset,
925 3780 1007 3845 qnae
1023 3766 1203 3826 venatorem
1220 3753 1387 3839 significet,

269 3891 327 3938 our
350 3867 480 3956 propria
502 3888 560 3934 sua
581 3867 708 3951 lingua,
732 3888 813 3952 quse
835 3875 1019 3936 venatorem
1042 3865 1137 3932 ruriis
1168 3863 1347 3935 nominibus
1361 3862 1387 3946 ¹)

344 4167 372 4237 1)
396 4148 505 4246 stne,
530 4133 629 4252 „tis
