3068 4758
250 439 292 508 re

249 619 427 706 profectum
452 641 577 704 eorum,
603 623 656 705 qui
679 621 867 706 gloriantur,
900 621 1040 707 ipsorum
1066 645 1170 690 mores
1193 624 1375 710 superiores

129 770 133 786 ι
253 735 286 794 et
307 729 555 814 praestantiores
584 727 653 796 esse
677 729 819 800 moribus
847 736 1045 799 caeterorum
1070 725 1244 798 hominum.

344 842 393 904 16.
429 837 455 902 li
479 857 563 920 vero,
589 837 644 922 qui
668 839 877 921 baptizantur,
902 858 975 904 cum
999 837 1152 920 caeteris.
1166 837 1219 922 qui
1241 835 1373 903 illorum

246 943 367 1029 jejunio
385 952 458 1011 sunt
479 942 632 1027 adstricti,
648 945 726 1012 nihil
742 943 925 1039 gustabunt,
947 952 1117 1029 autequam
1140 943 1312 1013 sumserint
1335 943 1376 1010 de

249 1073 384 1136 corpore
424 1050 559 1134 Christi3
607 1055 692 1137 quod
729 1053 755 1119 si
793 1039 1022 1138 negligerent
1051 1075 1113 1120 ncu
1152 1051 1377 1120 aestimaretur

245 1159 411 1245 jeJunium,
436 1159 490 1225 sed
516 1165 712 1243 peccatum„
1248 1143 1255 1155 ⁶

340 1265 376 1332 si
400 1265 488 1350 (huic
511 1265 586 1351 legi)
619 1267 815 1333 contrarians
846 1271 920 1334 ante
942 1266 1193 1333 communionem
1220 1263 1376 1350 Corporis

250 1372 371 1460 aliquid
396 1375 554 1458 sumserit,
580 1375 792 1442 contrariatur
809 1376 876 1442 Deo
892 1395 1026 1458 eumque
1050 1375 1231 1442 contemnit.
1269 1372 1376 1439 Finita

251 1491 356 1548 autem
382 1485 478 1550 missa
502 1482 685 1548 conceditur
708 1482 764 1565 illi,
789 1489 825 1548 ut
849 1484 924 1550 edat
946 1483 1032 1569 quod
1054 1482 1129 1550 vult.

344 1595 393 1659 17.
429 1591 546 1658 Omnes
577 1594 685 1656 autem
719 1588 935 1657 catechumeni
967 1594 1213 1674 congregentur,
1254 1594 1288 1654 ut
1311 1585 1377 1652 illis

251 1694 387 1764 sufficiat
410 1695 573 1762 catechete
596 1716 696 1777 unus,
721 1695 776 1779 qui
798 1695 869 1762 illos
892 1696 1087 1764 sufficienter
1109 1699 1262 1778 instruet,
1295 1693 1381 1777 (dis-

251 1801 338 1885 cant)
362 1822 457 1900 orare
481 1810 512 1870 et
534 1802 663 1869 flectcre
686 1823 800 1887 genua,
824 1824 926 1890 neque
942 1808 1070 1888 gustent
1085 1805 1259 1891 quidquam
1285 1807 1375 1868 aute·

252 1933 347 1996 quam
382 1911 425 1996 ii,
463 1915 516 1998 qui
551 1915 702 1999 baptizati
738 1920 831 1998 sunt,
875 1915 1129 1983 communionem
1165 1912 1308 1998 corporis
1343 1920 1377 1980 et

253 2019 415 2106 sanguinis
437 2022 585 2089 finierint.
692 2073 695 2078 .

251 2321 330 2390 XX.
369 2321 480 2392 Ooooo
501 2324 673 2410 vicesimus
703 2325 742 2392 de
765 2325 893 2409 jejtcoic
919 2325 1024 2408 feriae
1053 2330 1187 2408 quamde
1215 2329 1245 2391 ct
1266 2311 1378 2392 sectos

648 2438 678 2498 ct
700 2433 975 2518 puadrcyeeimae.
1005 2505 1011 2518 x

341 2629 462 2698 Diebus
481 2629 609 2716 jejunii,
642 2630 695 2714 qui
728 2636 800 2697 suut
822 2630 886 2700 suis
909 2628 1090 2698 nominibus
1115 2628 1271 2710 distinctis
1294 2631 1376 2697 feria

252 2743 369 2823 quarta
392 2742 528 2805 etsexta
552 2737 697 2822 (singulis
719 2737 988 2822 hebdomadibus)
1012 2747 1043 2806 et
1059 2737 1269 2823 quadraginta
1292 2735 1375 2822 (dies

253 2851 327 2920 ante
349 2845 469 2930 pascha
493 2844 633 2928 quolibet
655 2867 749 2930 auno,
774 2846 907 2932 quilibet
926 2845 1079 2935 jejunet),
1105 2845 1159 2931 q'ui
1182 2853 1288 2913 autem
1311 2843 1376 2912 alia

250 2951 371 3037 jejunia
395 2949 580 3037 superaddit
603 2951 644 3016 ad
667 2951 744 3044 haep
781 2953 974 3038 (tempora),
1009 2952 1187 3020 mercedem
1220 2951 1372 3037 acquiret,

256 3060 309 3142 qui
334 3065 440 3126 autem
463 3057 538 3126 huic
563 3057 651 3144 (legi)
675 3047 990 3146 adversatur'neque
1005 3057 1128 3140 morbo,
1153 3079 1254 3145 neque
1277 3059 1374 3127 infor·

255 3166 345 3234 tunio
377 3167 428 3234 vel
462 3167 649 3234 necessitate
688 3171 869 3250 excusatus,
909 3173 999 3232 extra
1036 3185 1191 3234 canonem
1230 3171 1376 3234 versatur

254 3273 385 3357 Deoque
407 3271 470 3356 ipsi
493 3271 690 3356 adversatur,
716 3273 770 3359 qui
793 3295 852 3360 pro
874 3271 967 3340 nobis
987 3272 1150 3364 jeJuuavit.

343 3379 585 3446 catechumenis
614 3386 721 3446 antem
754 3386 886 3448 curante
919 3379 1078 3466 Episcopo
1108 3382 1254 3448 mittatur
1284 3381 1375 3465 punis

252 3487 472 3556 benedictione
494 3493 658 3574 purgatus,
673 3494 719 3574 ut,
735 3488 791 3557 illc
807 3498 976 3574 vescentes,
1000 3491 1152 3578 ecclesiae
1166 3488 1373 3558 associentur.

255 3751 354 3822 XXI.
393 3751 502 3822 Oooco
528 3755 701 3840 vtpesimas
720 3753 850 3838 primos
880 3753 919 3821 de
946 3754 1130 3838 quotidiano
1156 3760 1244 3824 coetu
1269 3773 1375 3824 saco·

554 3862 662 3930 dotum
684 3868 715 3930 ct
732 3861 849 3946 populi
870 3862 906 3931 io
929 3863 1069 3932 ecclesa.

344 4037 583 4126 Congregcntur
604 4041 747 4127 quotidie
774 4041 807 4108 in
833 3990 1166 4110 ecclesiasacerdotes
1190 4048 1222 4110 et
1245 4039 1374 4110 subdis·

136 4251 148 4262 .
253 4147 325 4218 eoui
340 4154 373 4216 et
395 4149 528 4218 lectores
552 4150 717 4238 omnisque
739 4151 874 4239 populus
897 4155 1041 4236 tempore
1063 4147 1222 4235 gallicinii,
1247 4155 1373 4220 vacent·
