3074 4780
260 412 304 479 20

257 588 342 656 xime
366 588 406 656 ad
431 593 558 658 nostros
582 609 719 656 canones
743 589 875 671 secedit,
899 588 952 656 vix
967 587 1054 656 alind
1075 585 1276 656 Christianae
1299 587 1398 658 anti-
1479 651 1484 664 ,

259 696 388 780 quitatis
411 702 647 764 monumentum
672 703 768 780 extat,
794 719 811 764 e
833 719 898 784 quo
921 696 1043 783 plenior
1066 717 1241 781 agapetum
1265 697 1395 769 notitia

257 802 378 882 hauriri
401 803 512 888 possit.
587 817 590 824 ⁴
626 817 627 822 ’
945 875 952 890 ‚
1446 784 1455 808 ’

319 973 320 976 ,
348 909 501 994 Theolcgi
532 912 565 976 in
598 930 636 977 ec
667 909 865 994 potissimum
905 909 975 976 loco
1014 909 1211 992 antiquitatis
1248 912 1393 996 vestigia.

258 1024 437 1101 agnoscent,
453 1018 508 1103 qui
524 1016 563 1082 de
585 1015 882 1084 charismatibus
905 1017 981 1101 agit.
1017 1016 1064 1082 Ea
1080 1017 1240 1100 tempora,
1264 1019 1384 1104 quibus
1481 1043 1487 1050 ·

262 1124 403 1194 cautelae
426 1124 624 1192 necessariae
639 1132 729 1192 erant
744 1127 787 1191 ad
808 1125 1016 1192 coercendam
1034 1125 1241 1191 miraculosae
1257 1123 1380 1218 gratiae

259 1233 503 1314 abundantiam,
527 1231 568 1298 ab
593 1231 831 1316 Apostolorum
849 1238 957 1298 aetate
979 1253 1042 1298 non
1065 1231 1145 1298 adeo
1166 1239 1291 1299 remota
1313 1253 1382 1302 esse

182 1395 188 1405 ,
259 1345 416 1423 poterant.
460 1341 519 1427 'De'
553 1339 798 1406 charismatibus
833 1339 1043 1424 Hippolytum
1068 1335 1266 1423 scripsisse,
1302 1333 1385 1406 sella

258 1465 443 1542 marmorea
458 1451 610 1532 testatur3
627 1446 711 1512 inter
725 1425 904 1530 fragmenta
919 1466 1035 1528 graeca
1048 1446 1213 1534 Hippolyti
1228 1442 1383 1515 occurrit:

257 1551 335 1639 περὶ
359 1551 568 1636 χαρισμάτων
591 1549 777 1639 α’ποτολική
798 1551 996 1638 παράδοσις.
1013 1553 1037 1636 ¹)

347 1661 384 1726 In
409 1679 529 1727 canone
554 1661 683 1727 arabico
708 1667 818 1728 octavo
836 1667 975 1743 cavetur,
1000 1682 1040 1727 ne
1057 1660 1109 1744 qui
1125 1657 1253 1742 indigne
1278 1683 1385 1728 emen·

258 1757 318 1834 tltc
343 1766 568 1832 charismatum
593 1761 688 1834 titulo
710 1767 742 1833 in
767 1769 951 1848 clericorum
984 1789 1149 1834 numerum
1177 1769 1384 1853 recipiantur.

260 1873 305 1940 Ut
328 1877 463 1958 saepius,
497 1875 544 1941 ita
566 1878 663 1942 etiam
693 1876 727 1942 in
756 1876 817 1943 hoc
848 1875 1045 1959 antiquitatis
1078 1875 1173 1958 signo
1201 1860 1403 1946 ‘didascalia‘

175 2047 177 2051 ,
212 2020 214 2026 s
259 1984 383 2067 captiua
407 1988 569 2048 consonat.
617 1981 709 2067 (Can.
735 1985 786 2049 39.
822 2005 854 2068 p.
878 1982 946 2067 42.)

348 2087 435 2168 Quae
458 2109 578 2156 canone
602 2097 694 2156 s'exto
719 2093 759 2156 de
781 2096 991 2175 martyrum
1019 2089 1247 2174 praerogativis
1272 2093 1386 2159 dicun-

258 2202 320 2278 tur,
341 2197 475 2282 ,optime
509 2217 581 2262 cum
616 2203 721 2262 aetate
755 2195 922 2282 Hippolyti
958 2197 1157 2264 conveniunt.
1203 2196 1382 2290 Admiratio

259 2301 403 2387 martyrii
427 2301 531 2368 adhuc
555 2305 680 2386 integra
695 2307 775 2380 erat,
798 2301 936 2392 nendum
961 2301 1112 2399 dominici
1132 2301 1273 2370 mandati
1290 2303 1382 2368 obliti
1456 2291 1460 2298 ¹

260 2408 473 2475 abutebantur
504 2408 649 2493 quidam,
683 2407 886 2475 confessionis
910 2409 1013 2491 gloria
1036 2409 1166 2476 nimium
1198 2409 1319 2492 affecti,
1345 2429 1384 2475 ea

261 2514 421 2598 facultate,
446 2537 541 2600 quam
558 2516 634 2602 ipsis
651 2519 845 2582 consuetudo
869 2516 1084 2582 ecclesiastica
1106 2518 1279 2597 tribuerat;
1303 2539 1385 2584 ncn-

226 2624 233 2634 ’
261 2622 335 2688 dum
354 2621 528 2709 Cyprianus
554 2622 604 2708 (cf.
624 2645 671 2708 ep.
689 2626 810 2703 23)-de
834 2623 1025 2691 turbulentis
1040 2629 1178 2694 motibus
1194 2634 1383 2712 conquestus
1439 2689 1452 2711 ,

263 2737 342 2812 erat,
366 2730 480 2816 quibus
503 2752 566 2816 pax
590 2733 757 2818 lapsornm'
776 2737 872 2814 atque
895 2732 1116 2798 communione
1145 2732 1296 2800 ecclesiae
1319 2736 1393 2817 pri·.

261 2845 406 2905 vatorum
432 2844 686 2922 extorqueretur,
718 2839 824 2906 invitis
847 2838 1025 2924 Episcopis.
1059 2839 1108 2905 Ex
1130 2841 1198 2924 ipso
1222 2841 1381 2925 Cypriane

168 2945 170 2948 ’
263 2943 421 3026 discimus,
436 2951 554 3028 quanto
569 2944 690 3010 honoro
702 2946 722 3010 ii
736 2947 946 3028 afficerentur,
965 2947 1017 3030 qui
1034 2953 1193 3013 contemto
1210 2966 1382 3030 carcerum,

263 3040 451 3132 verberum,
486 3057 716 3119 tormentcrum
753 3061 785 3120 et
815 3053 914 3140 ipsius
950 3053 1061 3120 mortis
1092 3050 1252 3136 periculo,
1286 3051 1383 3120 fidem

266 3142 384 3226 Christi
408 3160 565 3226 constanti
597 3161 704 3227 animo
735 3161 872 3246 professi
904 3168 1018 3228 essent.
1065 3159 1158 3240 Initio
1187 3157 1259 3224 libri
1283 3159 1386 3243 quinti

266 3266 533 3357 Constitutionum
558 3267 597 3350 (c.
614 3268 637 3334 i.
654 3268 867 3352 adleganda
890 3268 1015 3352 p.123)
1040 3271 1162 3350 martyr
1184 3264 1385 3351 appellatur:
1442 3270 1447 3278 '

265 3371 399 3452 dcxeicr
421 3375 481 3436 τοῦ
504 3371 600 3454 ἁγίου
628 3367 829 3458 πνεύματος,
860 3373 1093 3460 receptaculum
1119 3372 1250 3458 spiritus
1274 3375 1387 3441 sancti.

166 3510 175 3518 ,
265 3480 351 3546 Haec
374 3479 476 3576 gloria
499 3488 676 3566 martyrum
699 3483 753 3549 illc
777 3490 931 3568 tempore,
958 3502 1020 3566 quc
1037 3501 1173 3549 canones
1196 3485 1296 3549 nostri
1312 3503 1386 3548 con·

266 3586 324 3652 diti
348 3593 429 3666 sunt,
455 3590 557 3672 magis
580 3589 685 3656 adhuc
706 3589 901 3675 splenduisse
929 3590 1062 3656 ridetur.
1110 3591 1198 3670 Quae
1220 3589 1385 3672 integritas

160 3683 163 3690 ’
265 3693 408 3780 martyrii
432 3715 502 3774 cum
527 3701 671 3782 ternpore
694 3697 858 3784 Hippolyti
882 3700 1063 3765 concordat.

339 3980 365 4050 l)
393 3979 445 4034 Ed
466 3979 591 4034 Fabricii
614 3997 641 4049 p.
660 3981 721 4036 245.
758 3978 842 4049 Apud
860 3978 997 4050 Lagarde,
1017 3979 1097 4048 reliq.
1121 3996 1163 4050 gr.
1187 3997 1215 4050 p.
1236 3981 1259 4034 l.
1287 3975 1387 4032 dedco-

266 4067 345 4122 καλία
364 4067 420 4121 τῶν
433 4063 528 4139 ’ἁγίων
544 4064 712 4122 honoratura
730 4071 794 4142 περὶ
812 4066 996 4140 χαρισμάτων
1008 4085 1023 4123 e
1036 4066 1103 4123 Cod.
1116 4068 1227 4123 Monac.
1240 4070 1301 4124 380.
1328 4067 1390 4124 Hoc

137 4166 143 4179 “
266 4159 359 4232 ipsum
377 4157 569 4229 fragmentum
588 4159 712 4213 occurrit
731 4159 817 4214 etiam
835 4158 919 4212 initio
934 4157 1002 4212 libri
1016 4156 1089 4213 Vlll
1119 4153 1216 4213 Const.
1232 4156 1387 4226 Apgraec.
