3068 4758
1176 455 1236 520 101

203 621 247 690 V.
280 623 316 692 ln
341 623 403 692 isto
434 645 554 692 canone
585 625 701 693 notitia
733 645 909 708 cenenum,
946 625 1000 710 qui
1039 625 1081 694 ad
1111 629 1239 696 ordina·

115 751 233 818 tionem
249 749 456 819 diaconorum
473 753 687 835 pertinebant,
715 754 914 835 supponitur.
956 734 1096 812 υζίωῧί
1122 751 1237 864 &5⁰27

118 895 157 940 ex
182 873 222 940 iis
253 873 524 961 interpretandum
558 881 623 956 est,
659 895 742 959 queo
777 873 908 940 iuferius
939 898 965 942 o.
992 867 1048 940 24'
1067 884 1240 945 occurrunt

26 1075 27 1092 i
117 1035 226 1144 ⁰⁶³7*
254 1020 348 1132 eal,
377 1017 467 1113 Μ
494 1001 623 1146 ruffi)
659 1035 809 1100 diaconus
842 1042 968 1102 moneat
992 1035 1172 1122 episcopum
1198 1035 1239 1102 de

106 1195 247 1283 ,singulis
271 1197 414 1264 infirmis,
457 1201 621 1302 &ww
650 1195 882 1278 „absconditi“,
912 1195 1081 1264 secundum
1108 1204 1237 1264 contex-
1277 1243 1284 1260 .

116 1328 281 1388 tumsunt
303 1342 460 1407 pauperes
481 1320 665 1401 verecundi,
697 1319 752 1404 qui
782 1323 823 1386 ab
855 1320 1094 1404 importunitate
1118 1321 1239 1386 mendi-

26 1467 27 1498 ἐ
117 1467 223 1514 corum
247 1446 358 1528 alieni,
383 1446 480 1513 tacita
504 1445 660 1532 patientia
684 1445 832 1530 egestatis
857 1445 1056 1514 incommoda
1087 1445 1236 1513 tolerarit.

112 1563 211 1716 ἐῶσί
250 1608 449 1692 „reliquum“
475 1629 533 1692 pro
556 1606 680 1691 reliqui.

192 1767 323 1834 'Oratio
347 1726 533 1834 initiationis
559 1766 683 1834 diaconi
708 1765 749 1833 ab
766 1787 804 1834 ea
820 1765 935 1850 differt,
960 1787 1041 1852 quee
1064 1766 1095 1831 in
1120 1765 1139 1830 l.
1153 1766 1238 1834 Vlll.

116 1915 142 1960 c.
162 1898 202 1960 18
227 1893 494 1960 constitutionum
516 1899 549 1960 et
564 1893 598 1959 in
623 1893 661 1960 Ο.
687 1893 781 1980 Hipp.
807 1894 916 1976 (Febr.
941 1916 971 1978 p.
990 1892 1069 1988 256)
1093 1893 1238 1959 affertur.

117 2019 279 2098 Quaedam
304 2040 478 2086 consonare
501 2017 665 2100 videbunt,
691 2018 746 2104 qui
769 2024 937 2112 utramque
959 2001 1130 2118 formulam
1153 2037 1238 2084 com·

116 2147 306 2236 pepererint.

204 2373 264 2442 vl.
298 2377 347 2443 De
369 2375 519 2461 singulari
542 2375 636 2462 hujus
659 2373 790 2442 canonis
813 2373 940 2456 studio,
972 2343 1035 2460 quo
1060 2378 1237 2457 martyrum

117 2503 311 2588 praestantia
335 2502 524 2584 defenditur,
560 2501 592 2566 in
615 2502 847 2586 prolegomenis
879 2507 985 2566 actum
1011 2505 1069 2566 est.
1115 2499 1153 2565 lu
1176 2499 1238 2564 fine

116 2646 239 2758 ΨΧ),
268 2664 352 2748 quod
371 2665 540 2730 Vaticanus
557 2661 633 2730 God.
651 2659 788 2741 exhibet,
819 2631 926 2760 §Q
956 2680 1049 2742 „oum
1069 2657 1237 2740 lectione“,

29 2815 33 2830 ⁸
117 2843 212 2907 „cum
229 2824 439 2892 recitatione“
457 2845 525 2890 esse
543 2829 632 2908 puto.
662 2821 970 2890 Deuominativuma
996 2801 1077 2915 ΨΥ
1100 2820 1238 2902 „levite“

117 2985 291 3069 excogitari
315 2986 443 3071 quidem
473 2991 598 3070 posset,
635 2986 692 3051 sed
723 3005 786 3050 non
819 2981 965 3052 occurrit.
1015 2943 1135 3077 dipl»
1183 2986 1240 3063 „ut

116 3111 247 3178 levitam
270 3133 341 3177 eum
367 3111 523 3193 creeret“,
547 3109 635 3177 nulla
658 3106 854 3176 authoritate
877 3104 1004 3172 delendi
1028 3111 1143 3192 potest.

205 3357 290 3430 vn.
329 3368 424 3453 &⁴³22
456 3361 488 3427 in
524 3367 660 3444 utroque
692 3357 807 3425 Codice
842 3363 955 3422 extans
989 3375 1054 3424 nou
1082 3373 1103 3424 c
1137 3305 1239 3448 (pell,

117 3477 195 3578 0⁴23·
223 3486 373 3566 derivavi,
397 3485 452 3552 sed
476 3485 518 3553 ud
546 3469 1141 3638 gat,v111.„pr0fidelitaoitus
1166 3479 1235 3546 est‘

118 3645 223 3732 retuli,
247 3668 439 3734 quamquam
462 3653 544 3714 teste
567 3647 708 3712 Kamuso
735 3590 851 3740 δεμ
882 3642 921 3708 de
944 3639 1013 3709 Deo
1036 3639 1239 3728 potissimum

121 3773 271 3854 edicatur,
305 3771 345 3839 de
369 3776 457 3859 cujus
488 3771 551 3838 fide
582 3771 826 3838 securisumus.
874 3765 1125 3846 caeterumsi,
1155 3783 1240 3850 quae

121 3909 230 3966 eontra
254 3899 392 3966 coelibes
416 3899 548 3966 clericos
572 3895 624 3963 hic
647 3895 891 3978 constituuntur,
915 3899 1061 3980 suspecta
1076 3893 1158 3956 sunt.
1191 3887 1240 3956 De

122 4025 294 4110 Coptarum
318 4023 460 4092 moribus
483 4024 536 4090 hic
558 4020 679 4107 aliquid
701 4019 868 4103 irrepsisse
890 4025 978 4104 puto.

210 4151 412 4234 Amgnostm
435 4157 468 4218 et
491 4147 681 4218 subdiaconi
713 4145 798 4212 locus
821 4147 853 4212 in
886 4141 1017 4212 ecclesia
1047 4136 1248 4222 assignatur:
