3068 4758
1251 401 1294 464 89

176 591 259 658 quae
282 578 434 658 pereunt,
457 595 520 642 uon
544 579 617 642 suut
639 581 861 659 contumaces,
894 597 996 661 neque
1019 583 1180 643 amatores
1201 574 1296 658 renti,

175 699 279 766 usque
302 681 497 749 iracundiam
519 682 671 750 adversus
695 683 840 767 aliquem'·
857 683 1005 766 retinent,
1030 705 1093 752 uon
1116 689 1189 750 suut
1212 707 1298 752 mur·

175 795 361 872 mutantes,
396 811 499 876 neque
530 789 675 876 judicant
704 813 755 858 res
779 791 899 860 alienas
930 790 1160 877 (peregrinas),
1195 811 1298 876 neque

174 893 370 980 dispertiunt
392 896 587 981 patrimonia
606 917 664 963 sua
678 897 722 963 ud
736 898 873 982 negotia,
897 898 1067 983 inquibus
1090 897 1178 964 nulla
1201 896 1297 979 salus,

173 1022 278 1088 neque
310 1003 478 1087 perficiunt
509 1024 564 1086 ea,
578 1071 581 1082 ,
596 1023 679 1088 quae
712 1005 773 1089 legi
796 1026 859 1072 non
892 1010 1086 1086 consonant,
1118 1023 1219 1089 neque
1242 1003 1299 1070 ab·

170 1109 287 1197 jiciunt
310 1111 578 1193 misericordiam,
611 1111 726 1178 falsum
748 1113 966 1180 testimouium
991 1133 1054 1178 non
1078 1112 1297 1196 pronunciant,

174 1237 281 1300 neque
304 1239 455 1300 voraces,
479 1238 581 1302 neque
603 1217 719 1302 bibuli,
744 1241 844 1304 neque
865 1219 990 1304 cupidi,
1015 1241 1117 1304 neque
1140 1226 1300 1288 amatores
1354 1215 1359 1220 ’

174 1323 296 1406 mundi,
322 1345 426 1410 neque
449 1331 609 1392 amatores
632 1324 800 1392 mulierum
824 1324 908 1409 suut,
933 1325 989 1392 sed
1008 1325 1063 1395 uui
1087 1325 1214 1410 conjugi
1236 1325 1299 1391 rito

174 1432 382 1500 matrimonio
402 1432 514 1519 juncti,
538 1437 601 1499 noir
624 1433 780 1516 invidiosi,
805 1455 869 1501 uon
892 1434 1088 1518 negligentes
1103 1435 1134 1500 iu
1155 1435 1299 1518 trequen-

174 1541 285 1607 taudis
316 1539 471 1622 ecclesiis,
504 1539 586 1608 lilios
617 1563 692 1609 suos
725 1541 861 1608 educant
890 1541 923 1606 iu
956 1542 1070 1608 timore
1100 1537 1170 1623 dei,
1199 1560 1301 1626 neque

175 1647 302 1730 lugiunt
333 1669 355 1714 a
383 1648 667 1738 persecutionibus.
720 1649 861 1716 Lectioni
895 1654 928 1714 et
962 1648 1160 1716 meditationi
1198 1647 1300 1732 (verbi

160 1754 267 1848 dei),
300 1757 386 1838 quod
418 1754 464 1838 (in
488 1755 634 1838 ecclesia)
665 1757 853 1838 audieruut,
885 1755 1083 1838 incumbunt,
1114 1760 1156 1822 ab
1179 1756 1302 1840 injuriis
1382 1745 1409 1849 ⁵.

176 1862 354 1944 abstineut,
386 1863 498 1928 manus
521 1883 629 1929 eorum
653 1884 716 1930 nou
740 1869 815 1930 snut
843 1861 962 1929 celeres
985 1862 1027 1928 ad
1050 1863 1299 1947 percutiendum,

177 1969 324 2036 celeriter
347 1975 454 2036 autem
484 1969 611 2038 solvunt
640 1989 694 2036 aas
726 1969 879 2052 alienum,
914 1990 955 2034 ne
983 1976 1117 2054 propter
1139 1991 1194 2036 eos
1217 1971 1302 2038 blas·

175 2075 345 2161 phenatae
368 2098 483 2142 nomen
499 2076 637 2144 Domini.
673 2075 744 2142 Non
760 2085 834 2144 aunt
856 2077 954 2160 pigri,
979 2099 1043 2146 uon
1068 2077 1299 2147 obliviscuntur

69 2227 75 2240 ·
178 2182 400 2268 indigentium,
425 2185 478 2269 qui
502 2184 598 2250 abiis
622 2191 773 2268 expetunt
796 2184 1025 2270 (adjumenta),
1049 2204 1113 2252 non
1138 2184 1301 2268 divulgant

178 2301 303 2360 secreta
334 2292 394 2360 sibi
426 2293 621 2376 concredita,
652 2295 805 2362 terminos
835 2313 897 2360 non
928 2291 1140 2376 transierunt,
1171 2315 1300 2362 usuram

182 2421 247 2469 uon
271 2407 410 2486 captent,
435 2401 622 2488 suntpotius
645 2411 805 2473 amatores
829 2404 1079 2486 peregrinorum,
1103 2400 1297 2487 contumelia

178 2530 242 2574 non
265 2507 407 2598 alliciunt
429 2531 497 2592 eos,
530 2499 583 2593 qui
607 2530 625 2608 e
648 2509 821 2593 longinquo
850 2509 997 2590 veniunt,
1027 2509 1082 2575 sed
1112 2511 1300 2576 innumero

170 2613 316 2690 tiliorum
341 2637 470 2684 suorum
495 2636 549 2684 ecs
570 2615 706 2698 habent,
731 2638 796 2684 non
820 2621 893 2682 snut
916 2613 1060 2682 difficiles
1081 2619 1114 2681 in
1137 2615 1243 2684 dando
1267 2622 1300 2682 et

181 2723 366 2808 accipiendo
389 2723 435 2805 (iu
459 2725 651 2790 commercio
666 2745 729 2790 non
745 2744 784 2788 ea
803 2722 972 2808 iniquitate
993 2707 1135 2805 utuntur,
1159 2731 1195 2790 ut
1213 2728 1301 2810 justo

181 2830 254 2912 plns
276 2831 442 2915 accipiant,
463 2834 550 2917 justo
574 2831 676 2896 miuus
693 2830 793 2913 dent),
818 2829 933 2916 duplici
957 2850 1106 2898 mensura
1125 2830 1166 2898 ad
1182 2828 1301 2903 libran-

183 2935 257 3002 dum
283 2945 315 3003 et
338 2937 531 3003 metiendum
555 2959 620 3004 non
642 2943 784 3019 utuntur,
814 2959 916 3022 neque
938 2945 1124 3006 cunctanter
1147 2943 1180 3005 et
1201 2937 1302 3020 negli-

67 3117 71 3126 ,
182 3049 297 3128 genter
327 3049 425 3125 agunt
452 3043 485 3109 in
516 3045 722 3129 perceptione
753 3065 780 3110 s.
803 3043 1034 3110 communionis
1062 3049 1095 3109 et
1124 3047 1157 3110 in
1188 3046 1304 3112 adora-

182 3149 332 3218 tionibus.
370 3150 562 3220 duramenta
583 3151 711 3218 omnino
726 3171 789 3218 uon
803 3148 964 3230 adhibent,
989 3170 1091 3235 neque
1104 3169 1176 3216 cum
1192 3151 1304 3218 alienis

183 3257 382 3326 familiariter
413 3258 529 3340 urunt,
562 3257 623 3326 deo
654 3257 827 3324 servientes
851 3266 884 3322 et
906 3277 1006 3340 opera
1034 3256 1199 3340 (mandata
1221 3257 1303 3343 ejus)

183 3365 399 3450 perficientes,
431 3365 615 3430 mandatum
645 3361 798 3446 evangelii
819 3383 883 3428 non
906 3360 1193 3446 transgrediuntur,
1217 3365 1304 3448 quod

184 3473 409 3536 annunciatum
434 3475 483 3536 est
505 3473 592 3536 omni
616 3476 789 3552 creaturae,
815 3489 896 3554 quae
918 3473 976 3535 sub
1000 3470 1091 3536 coelo
1115 3475 1172 3535 est.

276 3577 484 3660 Christianus,
509 3577 609 3662 quiin
625 3577 676 3643 his
692 3577 839 3643 omnibus
855 3581 1046 3662 perseverat,
1069 3576 1169 3660 ipsius
1187 3575 1305 3642 Christi

185 3684 356 3768 imaginem
379 3686 497 3768 refert,
529 3686 711 3771 lucebitque
741 3683 782 3750 ad
806 3683 969 3752 dexteram
1002 3687 1069 3772 ejus
1097 3684 1178 3752 sicut
1200 3685 1305 3768 angeli

188 3797 221 3859 et
258 3791 300 3860 ab
337 3791 393 3860 illo
432 3793 632 3882 nanciscetur
668 3811 820 3860 coronam
866 3789 1005 3876 gloriae,
1051 3792 1132 3858 sicut
1169 3789 1306 3858 obtinuit

187 3918 355 3967 coronam·
373 3899 516 3984 virtutis,
556 3898 789 3968 nobilissimam
820 3899 1048 3984 perfectionem
1073 3903 1105 3966 et
1128 3897 1304 3966 custodiam

189 4005 274 4074 fidei.
321 4007 517 4076 Obtiuebunt
539 4005 648 4093 (tales)
672 4027 821 4075 coronam
846 4010 940 4090 vitre,
971 4024 1055 4094 quae
1076 4007 1236 4090 promissa
1258 4009 1307 4072 cst

188 4129 297 4182 amnon
320 4113 395 4198 ejm.
