3068 4758
237 413 280 478 64

236 593 316 656 sicut
335 589 465 656 locutus
488 596 537 655 est
560 589 600 655 de
623 587 740 656 talibus
764 587 918 658 Dominus
950 594 1058 656 noster
1087 585 1181 656 Jesus
1206 585 1361 654 Christus.

234 695 314 762 Ideo
338 697 439 764 multo
465 699 563 780 inagis
587 717 646 764 nos
670 705 761 764 areta
784 697 899 776 unione
923 697 1081 783 conjuncti
1104 697 1136 762 in
1158 695 1276 764 virtute
1299 695 1361 762 Dei

234 803 309 870 illos
344 806 579 888 separavimus,
617 806 765 888 quoniam
799 826 862 871 uon
897 805 1099 872 consentiunt
1132 803 1293 870 Ecclesiae
1328 802 1361 867 in

237 910 316 992 Deo,
341 932 443 995 neque
468 910 633 978 nobiscum
658 921 741 993 sunt,
765 912 820 997 qui
835 934 942 979 sumus
958 910 1104 996 discipuli
1128 911 1359 995 scripturarum

150 1004 162 1020 ”
235 1017 439 1112 (sacrarum).
480 1019 622 1104 Ideoque
645 1023 862 1103 separavimus
885 1019 957 1086 illos
978 1018 1019 1086 ab
1036 1019 1180 1086 Ecclesia
1195 1025 1229 1085 et
1243 1017 1360 1109 omnia,

234 1146 317 1210 quae
352 1128 393 1192 ad
427 1126 513 1211 ipsos
548 1127 726 1210 pertinent,
766 1127 834 1192 Deo
865 1125 1173 1207 commendavimus3
1213 1147 1272 1192 nos
1305 1125 1361 1208 qui

230 1231 445 1316 judicabimus
481 1239 645 1300 creaturas
686 1233 812 1316 (Matth.
848 1239 908 1314 19,
942 1239 995 1300 28.
1044 1240 1058 1299 1
1086 1231 1158 1299 Cor.
1184 1236 1220 1314 6,
1252 1232 1297 1315 3.)
1328 1230 1361 1296 in

231 1339 368 1425 justitia.
422 1339 488 1405 Eos
523 1344 643 1420 autem,
684 1340 737 1422 qui
769 1339 919 1422 ignorant
956 1338 1077 1424 (fidem)
1109 1340 1149 1404 de
1181 1360 1219 1406 eo
1254 1338 1295 1421 (c.
1320 1337 1360 1402 de

234 1445 387 1530 Christo),
411 1448 564 1514 certiores
589 1445 721 1528 lecimus
737 1448 805 1514 sine
825 1447 953 1528 invidia,
978 1467 1018 1513 ne
1034 1451 1066 1514 in
1082 1453 1217 1514 mortem
1241 1445 1360 1512 malam

234 1551 381 1638 decidant
404 1553 487 1619 sieut
509 1551 678 1634 haeretici,
711 1551 768 1618 sed
799 1555 895 1619 vitam
929 1559 1091 1619 aeternam
1122 1560 1305 1619 mereantur
1328 1558 1361 1618 et

232 1666 268 1724 ut
292 1658 428 1726 doceant
449 1656 533 1734 filios
556 1667 864 1744 suosposterosque
886 1659 968 1726 hanc
991 1659 1117 1728 unicam
1141 1659 1247 1726 fidem.

471 1961 520 2028 II.
556 1959 665 2029 Canon
688 1963 844 2030 secundas
867 1963 907 2031 de
930 1915 1133 2046 Episcopia
1242 1967 1255 1975 ’“

246 2158 257 2194 ‘³
278 2139 500 2224 .12‘l⁴lpiscopus
525 2125 678 2230 eligatur
720 2141 761 2207 ab
803 2141 889 2208 omni
926 2142 1064 2226 popul0;
1107 2141 1149 2207 sit
1186 2127 1254 2206 sine
1290 2129 1361 2207 ullo

231 2241 418 2316 vehemente
442 2269 560 2328 amore,
582 2241 675 2327 'siout
703 2251 743 2315 de
766 2247 822 2316 illo
845 2249 997 2332 scriptum
1023 2255 1072 2314 est
1102 2249 1134 2332 (l
1161 2245 1300 2314 Timoth.
1327 2252 1357 2328 3,

234 2360 253 2419 2
279 2375 365 2438 seqq.
400 2355 461 2420 Tit.
490 2361 525 2436 1,
551 2354 597 2437 7).
643 2355 680 2420 Iu'
705 2375 742 2420 ea
765 2362 877 2421 autem
894 2355 1108 2435 hebdomade,
1139 2355 1171 2420 in
1200 2375 1262 2437 qua
1285 2373 1362 2420 con·

234 2469 387 2542 secratur,
412 2460 498 2549 dicat
519 2461 674 2544 populus:
708 2459 772 2528 Nos
797 2461 941 2544 eligimus
965 2482 1048 2527 eum.
1084 2459 1207 2526 Deinde
1230 2461 1358 2528 silentio

233 2565 318 2634 facto
341 2568 375 2633 in
398 2574 684 2651 toto'grege'post
709 2567 956 2652 exomologesim
987 2590 1094 2634 omues
1123 2590 1183 2652 pro
1207 2589 1243 2634 eo
1267 2575 1359 2652 orent

234 2675 393 2741 diceutes:
431 2673 578 2740 ODeusl
604 2674 778 2741 corrobora
802 2675 894 2756 hunc,
919 2696 1010 2758 quem
1032 2675 1124 2742 nobis
1148 2675 1358 2760 praeparasti.

233 2780 353 2847 Deinde
370 2780 505 2863 eligatur
523 2802 602 2846 unus
619 2802 657 2846 ex
669 2781 838 2866 Episcopis
853 2789 886 2846 et
901 2783 1133 2861 sacerdotibus,
1157 2782 1210 2864 qui
1227 2801 1358 2848 menum

233 2888 330 2973 capiti
354 2892 421 2974 ejus
442 2889 590 2973 imponat
613 2895 644 2954 et
667 2897 747 2971 oret,
773 2889 897 2956 dicens:
975 2971 978 2985 1

231 3189 300 3256 ΙΙΙ.
338 3187 449 3258 Conon
472 3191 597 3258 tertius.
628 3163 760 3258 'Oratio
782 3212 880 3274 super
902 3211 990 3273 eum,
1024 3192 1081 3276 qui
1103 3193 1139 3258 c‘a
1161 3191 1359 3277 spiscopam

527 3307 730 3367 consecretur
752 3305 783 3366 et
808 3297 894 3366 Ordo
917 3299 1055 3366 Missae.

259 3535 261 3540 .
323 3476 469 3560 ODeus‚
494 3482 587 3563 peter
604 3477 737 3544 'Domini
760 3481 862 3545 nostri
885 3479 960 3544 lesu
972 3478 1098 3561 Christi,
1122 3484 1214 3563 pater
1237 3446 1362 3580 miserie

233 3581 414 3652 cordiarum
440 3589 471 3654 ‚et
494 3585 581 3652 Deus
603 3584 703 3652 totius
734 3582 960 3652 consolationis
990 3584 1023 3667 (2
1050 3584 1124 3652 Gor.
1151 3591 1179 3666 1,
1204 3585 1268 3670 2.)‚
1303 3587 1359 3672 qui

232 3797 320 3866 novit
343 3799 451 3866 omnia
474 3803 645 3884 autequam
667 3799 748 3864 dant
771 3798 866 3882 (Dan.
886 3803 937 3880 13,
959 3798 1046 3888 42.);
1071 3805 1116 3879 tu,
1139 3799 1193 3888 qui
1218 3801 1358 3886 statuisti

234 3909 356 3974 statuta
378 3904 550 3988 Ecclesiae,
575 3907 662 3990 anur
685 3905 819 3991 imperio
843 3903 888 3988 fit,
911 3911 947 3972 ut
974 3927 1012 3973 ex
1025 3906 1155 3992 ,Ademo
1177 3916 1358 3991 perseveret

129 4037 133 4044 ·
233 4033 332 4100 genus
363 4012 498 4082 sublime
529 4013 594 4098 (rel
612 4014 749 4102 justum)
782 4014 906 4081 ratione
932 4013 1026 4099 hrq'us
1049 4013 1199 4100 Episcopi
1230 4014 1286 4100 qui
1310 4019 1359 4080 'ost

234 4119 509 4212 (quodammodo).
534 4131 666 4214 magnus
691 4119 880 4210 Abrahem31
905 4120 958 4208 qui
989 4119 1186 4206 principatus
1208 4128 1240 4187 et
1262 4143 1366 4215 praee..

1466 2212 1498 2265 U

6 3639 7 3700 ἒ
115 3775 121 3788 Ι
231 3688 410 3758 habitatin
433 3690 508 3758 altis
532 3696 565 3758 et
587 3689 721 3758 humilia
743 3690 872 3776 respicit
895 3690 1028 3772 (Psalm.
1058 3697 1128 3773 112,
1154 3700 1184 3761 5.
1210 3692 1271 3776 6.),
1302 3694 1357 3780 qui
1491 3747 1498 3758 .
