3074 4780
251 507 305 580 ‘aa
399 479 404 488 ’

264 684 328 754 sint
349 704 449 769 purae
467 689 499 750 et
523 683 675 752 fluentes“
695 689 753 751 etc.
769 683 806 767 ¹).
845 681 937 762 Quod
956 681 1071 766 syriaci
1091 679 1278 748 documenti
1290 673 1396 766 prae'-

264 800 387 877 ceptum
413 790 663 874 antiquissimam
680 789 938 858 consuetudinem
955 790 1090 888 petinere
1106 794 1248 857 conatur.
1288 787 1393 872 (Con-

167 910 172 920 “
264 900 312 968 ter
335 903 442 964 annot.
467 897 507 962 ad
532 897 610 964 Can.
639 903 688 976 19,
717 895 828 980 546.)
916 903 924 922 ⁴

248 1060 256 1078 ,
283 1072 286 1078 ,
355 1003 426 1070 Alia
449 1004 646 1088 antiquitatis
669 1004 774 1088 signa,
808 1023 890 1092 quae
913 1005 1085 1070 canonibus
1109 1002 1226 1084 nqstris
1249 1001 1392 1068 arabicis

188 1150 193 1164 ·
266 1110 313 1176 rel
349 1131 418 1188 carry
442 1111 625 1178 Didascalia
658 1111 707 1176 rel
742 1133 811 1177 cum
850 1110 1013 1176 Clemente
1048 1107 1196 1194 Syriaco,
1231 1111 1280 1176 rel
1314 1129 1385 1174 cum

266 1216 387 1296 graecis
410 1216 685 1284 constitutionibus
708 1217 889 1284 communia
912 1225 1012 1297 sunt,
1025 1214 1255 1300 praetermitto.
1299 1216 1389 1294 Quas
1454 1243 1460 1258 ·

266 1323 364 1390 allata
387 1332 469 1405 sunt,
495 1321 638 1390 sufficere
662 1329 804 1407 possunt,
828 1329 864 1389 ut
880 1343 1098 1405 agnoscamus,
1112 1343 1173 1388 non
1191 1322 1271 1388 adeo
1288 1328 1392 1387 temo·

267 1434 386 1498 rarium
411 1452 498 1512 esec,
530 1430 589 1496 hos
615 1430 756 1496 (lenones
786 1431 848 1514 ipsi
871 1428 1045 1515 Hippolyto
1068 1429 1211 1496 Romano
1235 1431 1390 1494 tribuere.

358 1536 391 1602 Si
406 1536 512 1602 medio
528 1557 605 1604 aevo
621 1535 685 1602 ficti
701 1543 818 1618 essent,
843 1536 913 1602 istis
930 1533 1096 1603 vetustatis
1112 1535 1208 1619 signis
1225 1541 1391 1620 carerent;

235 1733 239 1736 η
270 1642 497 1710 Muslemorum
520 1649 656 1710 aetatem
681 1646 863 1728 proderent.

358 1779 418 1846 vl.
456 1766 522 1847 Hos
545 1801 683 1849 canones
711 1781 811 1867 ipsius
836 1783 1000 1868 Hippolyti
1032 1803 1110 1864 esse,
1136 1783 1275 1850 externis
1298 1783 1394 1849 testi·

269 1888 381 1982 moniis
398 1888 541 1974 'antiquis
565 1888 744 1954 confirmari
774 1911 836 1957 non
859 1896 975 1975 potest.
1023 1890 1296 1956 Commemoratur
1320 1873 1395 1972 qui·

271 1999 348 2070 dem,
367 1997 399 2062 in
422 1994 513 2063 libris
529 1994 679 2082 Syrorum
705 1997 782 2064 satis
805 1998 942 2082 antiquis
966 2000 1137 2064 auctoritas
1159 1995 1322 2084 Hippolyti
1347 1998 1422 2066 ad.

270 2102 537 2175 commendandos
562 2103 717 2186 quosdam
748 2125 900 2185 canones,
933 2105 1045 2190 quibus
1076 2103 1190 2170 limites
1221 2104 1396 2189 potestatis

273 2210 493 2296 episcoporum
518 2215 777 2296 caeterorumque
809 2213 993 2278 clericorum
1025 2211 1238 2292 designantur.
1250 2211 1277 2294 ¹)
1326 2209 1396 2277 Sed

228 2395 229 2402 ἵ
271 2317 327 2382 illa
350 2320 410 2398 lex,
436 2339 517 2401 quae
541 2316 573 2382 in
588 2317 639 2383 his
656 2306 793 2402 Syriacis
818 2317 1015 2384 documentis
1031 2318 1205 2404 Hippolyto
1229 2318 1401 2400 tribuitur‚.

251 2426 301 2490 in
324 2426 454 2514 nostris,
471 2413 609 2491 arabicis
639 2418 814 2510 carioribus
844 2447 907 2490 non
939 2425 1093 2506 occurrit;
1129 2417 1163 2489 in
1194 2423 1263 2491 aliis
1296 2425 1396 2490 docu-

271 2530 384 2596 mentis
407 2529 452 2596 ita
475 2537 572 2612 extat,
597 2537 632 2596 ut
655 2536 753 2596 verba
776 2531 879 2610 verbis
902 2530 1126 2617 respondeant,
1142 2531 1168 2615 8)
1192 2532 1247 2598 sed
1272 2531 1428 2617 Hippo,

269 2635 327 2721 lyti
350 2635 475 2702 nomine
498 2657 562 2703 non
585 2634 704 2702 addito.
727 2663 729 2669 ⁴
954 2627 960 2636 '
1221 2624 1224 2638 '

360 2762 437 2829 Bon
472 2759 660 2843 Assalius,
701 2759 849 2828 codicem·
875 2762 1122 2830 Alexandrinum
1158 2784 1325 2830 recensens
1361 2773 1398 2832 et

271 2889 408 2936 annones
425 2868 588 2954 Hippolyti
612 2845 748 2934 laudans
769 2878 1009 2953 commemorat,
1034 2871 1251 2940 Patriaroham
1271 2874 1413 2972 Amba-⁸

271 2975 394 3060 gabriel
418 2975 528 3041 iisdem
552 2996 642 3066 usum
668 2997 746 3042 esse.
795 2975 896 3054 Quum
921 2977 971 3044 vix
996 2978 1205 3045 dubitandum
1231 2979 1289 3057 sit,
1313 2982 1390 3063 quin

271 3081 323 3148 hic
344 3083 569 3166 Ambagabriel
592 3082 676 3148 idem
701 3086 759 3165 sit,
792 3085 886 3169 quem
919 3083 1133 3188 Renaudctius
1165 3085 1249 3152 circa
1273 3107 1392 3154 annum

273 3279 486 3288 ——u—-a

321 3399 373 3467 ’1)
400 3399 484 3470 Apud
512 3401 657 3473 hogarde,
692 3401 827 3472 reliquiae
851 3401 924 3472 juris
952 3401 1141 3458 ecclesiastici
1173 3402 1393 3472 antiquissimae.

274 3489 395 3558 Syriaco.
427 3492 501 3546 1856.
540 3510 566 3562 p.
588 3493 630 3546 17.
658 3485 798 3566 col.13.¹

346 3593 375 3664 a)
401 3595 467 3650 coe.
487 3597 550 3652 vm.
570 3573 674 3666 sy‘rne
696 3599 746 3650 rm
765 3597 783 3651 r.
807 3599 846 3651 15.
865 3597 892 3650 e.
930 3596 998 3652 coe.
1023 3597 1087 3652 vm.
1107 3597 1168 3667 aye
1189 3601 1248 3653 107.
1267 3598 1285 3652 r.
1306 3600 1349 3652 ra.
1368 3597 1395 3652 u.

275 3683 328 3738 col.
350 3687 375 3736 2.
404 3679 629 3740 constitutiones
649 3686 848 3754 Apostolorum
867 3701 918 3752 per
937 3685 1130 3755 Hippolytum.
1167 3687 1287 3742 Simonis
1307 3687 1396 3741 Cana·

275 3772 340 3827 nasi
358 3771 414 3842 (est
432 3773 503 3828 haec
521 3772 591 3842 lex),
621 3791 693 3844 quae
718 3775 844 3842 pertinet
862 3773 898 3828 ad
918 3774 1122 3830 ecclesiasticos
1149 3791 1284 3830 canones:
1313 3773 1396 3844 Epis·

276 3877 362 3931 copus
381 3862 608 3918 benedictionem
628 3863 798 3931 impertitur,
818 3881 908 3932 neque
927 3880 993 3920 vero
1013 3863 1118 3934 accipit
1136 3869 1189 3919 etc.

348 3971 374 4038 3)
400 3968 561 4024 Didascalia
584 3970 696 4038 coptica
726 3986 792 4040 pag.
820 3956 880 4026 1‘34.
924 3971 957 4026 In
982 3970 1048 4026 Cod.
1078 3988 1179 4040 graeco
1207 3987 1316 4026 monac.
1344 3975 1397 4046 3ξο

276 4073 304 4126 p.
313 4058 357 4112 67.
367 4086 401 4096 -
411 4054 552 4123 Διατᾰξεις
570 4057 626 4111 τῶν
642 4054 810 4112 'Auertitur
823 4077 873 4130 per
882 4060 1066 4130 Hippolytum
1078 4059 1121 4114 ed.
1131 4059 1279 4115 Fabricius
1298 4079 1325 4130 p.
1335 4063 1395 4116 252.

276 4145 327 4202 md.
347 4145 476 4218 Lagarde
494 4147 573 4217 reliq.
596 4147 669 4218 juris
687 4164 729 4216 gr.
749 4164 777 4216 p.
795 4151 821 4203 9.
857 4148 984 4218 Denique
1008 4147 1081 4205 liber
1104 4149 1255 4208 Clementis
1281 4149 1342 4222 Syr.
1362 4150 1396 4205 ll.

277 4235 357 4308 reliq.
372 4235 445 4306 juris
464 4252 518 4308 syr.
537 4239 580 4291 24.
605 4237 657 4294 col.
676 4238 701 4294 8.
