3068 4758
1231 389 1278 466 69Ι

148 561 251 631 decet.
297 565 414 630 Postea
444 561 520 646 (hoc
543 561 688 628 examine
717 566 798 630 bene
829 562 1000 650 probatus]
1031 565 1065 632 in
1087 563 1274 634 societatem·

147 669 419 762 (presbyterorum
461 669 674 754 caeterorum)
717 670 891 756 recipiatur
925 679 973 738 etv
992 672 1110 756 duplici
1151 673 1284 772 honore·

146 775 307 845 afficiatur
328 799 432 865 neque
454 779 568 845 iterum
597 778 773 856 ordinetur.
834 853 837 858 ,

238 918 346 1020 Viduis
376 925 508 1005 propter
532 918 676 1006 copiosas
699 911 914 1005 precationes,
939 920 1138 1013 infirmorum
1161 939 1270 1006 curam

145 1033 176 1093 et
199 1025 351 1112 frequens
371 1029 524 1114 jejunium
548 1029 737 1112 praecipuus
762 1025 892 1110 (honor)
916 1028 1085 1094 tribuatur.
1118 1103 1121 1112 y
1235 1101 1238 1106 ¹

307 1347 351 1416 X.
380 1345 433 1427 Dc
454 1348 507 1430 iia,
532 1349 587 1435 qui
611 1345 792 1416 Christiani
816 1346 891 1450 ficri
914 1345 1108 1428 desiderant.

106 1595 114 1604 ·
234 1561 296 1646 Illi,
321 1562 375 1647 qui
398 1560 557 1628 Ecclesiae
579 1561 783 1646 frequentant
801 1583 839 1628 eo
863 1559 1004 1645 consilio,
1028 1567 1064 1628 ut
1078 1561 1161 1632 inter
1177 1560 1267 1628 chri·

142 1672 265 1738 stianos
288 1670 493 1754 recipiantur,
519 1669 737 1736 examinentur
760 1666 845 1736 omni
869 1691 941 1735 cnm
962 1673 1211 1755 perseverantia,
1236 1675 1268 1738 et

144 1775 370 1862 (inquiratur),
403 1799 499 1864 qnam
532 1782 573 1845 ob
606 1797 734 1843 causam
759 1799 850 1842 suum
874 1775 993 1843 cultum
1025 1785 1195 1863 respuant,
1226 1799 1268 1844 ne

143 1885 228 1954 forte
251 1887 370 1953 intrent
392 1885 548 1953 illudendi
571 1905 677 1964 causa.
713 1885 833 1966 Quodsi
849 1905 925 1953 vero
948 1884 1064 1971 aliquis
1084 1907 1154 1954 cum
1177 1885 1266 1971 signo

143 1995 249 2060 bonae
271 1994 346 2061 fidei
369 1995 540 2077 advenerit,
564 1995 738 2079 recipiatur
761 2013 831 2059 cum
847 1993 964 2078 gaudio
987 1994 1267 2080 interrogeturque

143 2099 183 2166 de
206 2101 332 2188 opificio
356 2101 418 2187 (vel
442 2124 587 2186 munere,
615 2124 677 2187 quc
701 2101 917 2187 sustentetur),
948 2102 1185 2188 instruaturque
1207 2123 1266 2187 per

143 2205 312 2277 diaconum
337 2211 501 2296 discatque
515 2211 548 2276 in
564 2209 696 2278 ecclesia
718 2210 907 2278 renunciare
930 2208 1058 2278 diabolo
1074 2215 1106 2276 et
1127 2229 1266 2294 pompae

30 2315 31 2348 ¹
144 2319 211 2400 ejus
234 2321 304 2386 toti.
340 2318 411 2384 Hoc
425 2325 531 2384 autem
548 2321 734 2385 observetur
750 2317 836 2384 omni
852 2324 1006 2403 tempore,
1030 2339 1093 2404 quo
1109 2315 1285 2386 catechesi

143 2422 270 2508 fruitur,
295 2431 465 2511 antequam
487 2432 613 2494 caetero
637 2427 757 2512 populo
781 2435 1014 2506 annumeretur.

231 2567 265 2635 Si
289 2568 565 2652 (catechumenus)
602 2574 652 2634 est
674 2589 784 2636 servus
819 2568 941 2636 domini
975 2568 1184 2652 idololatrae,
1217 2568 1266 2636 in·

142 2675 206 2742 rito
230 2675 361 2744 domino
376 2699 438 2745 non
454 2676 653 2762 baptizetur;
678 2681 845 2744 contentus
861 2681 939 2759 esto,
964 2677 1050 2760 quod
1068 2675 1264 2746 Christianus

141 2792 199 2850 est.
254 2783 375 2864 Quodsi
413 2784 549 2852 moritur
595 2783 729 2852 necdum
768 2784 811 2850 ad
850 2792 1052 2853 sacramenta
1095 2782 1261 2866 admissus,

141 2909 160 2956 a
182 2897 311 2960 caetero
334 2891 503 2978 (fidelium)
527 2911 623 2978 grege
647 2913 710 2960 non
733 2900 912 2977 separetur.

30 3237 31 3260 ¹
141 3227 202 3302 XI.
247 3231 357 3302 canon
386 3233 574 3302 undecimus
603 3233 642 3302 de
670 3233 732 3315 iis,
765 3229 821 3316 qui
846 3215 1006 3316 imupincs
1035 3229 1165 3300 deorum
1194 3231 1262 3302 sive

337 3360 483 3444 pictoria
505 3365 575 3428 urtc
596 3361 663 3428 aive
684 3357 853 3442 sculptura
875 3357 1053 3441 matrim

226 3575 337 3642 Omnis
368 3572 484 3642 artifex
513 3575 654 3658 noverit,
690 3573 751 3640 sibi
773 3594 837 3642 non
866 3569 962 3638 licere
984 3571 1114 3642 omnino
1135 3571 1257 3640 idolum

138 3679 186 3746 rel
209 3681 347 3766 aliquam
370 3679 506 3766 figuram
529 3680 760 3750 idololatricam
794 3677 939 3764 effigere,
972 3679 1038 3747 sive
1061 3699 1101 3746 ex
1122 3685 1256 3764 urgento

139 3787 238 3870 ligura
260 3789 318 3855 liat
340 3788 407 3856 sive
429 3787 564 3876 picturt.
611 3789 646 3858 Si
669 3788 739 3874 quis
762 3793 871 3856 autem
899 3787 1014 3856 artilex
1040 3791 1116 3874 post
1137 3785 1256 3872 baptis·

138 3913 221 3961 mum
253 3904 414 3982 receptum
453 3897 650 3981 inveniatur,
690 3897 745 3984 qni
783 3896 937 3982 ejusmodi
970 3917 1038 3964 rem
1073 3892 1254 3979 coniecerit,

138 4007 275 4088 exceptis
297 4004 336 4072 iis
357 4004 471 4088 rebus,
504 4023 585 4088 quae
607 4003 648 4074 ad
679 4025 772 4072 usum
801 4001 965 4076 hominum
994 4003 1170 4091 pertinent,
1202 4001 1256 4075 ax-¹

138 4115 394 4202 communicetur,
418 4114 520 4182 donec
540 4110 769 4202 poenitentiam
792 4117 883 4202 agat..
1014 4159 1019 4166 -
1162 4108 1165 4116 ’
