3074 4780
230 415 271 480 14

131 659 135 671 ,
228 589 385 661 eoruuis
409 594 532 656 ornent.
579 587 725 656 Militaris
757 607 893 654 coronae
926 589 1056 656 donatio
1084 588 1270 658 Christianis
1296 611 1354 657 oe·

229 697 316 763 casio
339 703 424 776 erat.
443 696 537 762 fidem
562 717 650 763 suam
675 703 784 780 aperte
814 697 1000 780 profitendi,
1032 696 1177 764 novimus
1201 701 1284 763 euim
1310 719 1354 766 ex

121 830 124 836 ·
229 803 440 882 Tertulliano,
457 803 540 869 illius
557 804 734 870 ornamenti
748 823 838 868 usum
852 804 1087 888 superstitionis
1103 804 1226 885 signum
1243 803 1354 872 inisse.

230 909 401 996 Postquam
418 910 449 975 in
465 909 663 994 apologetioo
688 908 729 992 (o.
748 911 803 993 32)
827 931 953 976 ornnem
978 931 1067 976 usum
1092 909 1240 978 festivum
1262 931 1362 1000 eoross

233 1037 343 1083 narum
369 1015 591 1082 avChristiano
615 1037 703 1081 more
727 1014 862 1090 alienum
879 1017 904 1099 ¹)
929 1015 1018 1094 dixit,
1050 1018 1180 1102 proprio
1204 1017 1286 1084 libro
1313 1017 1356 1084 de

230 1144 348 1190 corona
372 1122 502 1188 militari
522 1123 603 1188 hane
626 1142 753 1188 eausam
779 1123 936 1190 tractarit.
982 1123 1083 1204 „Puta
1106 1124 1244 1209 denique
1260 1124 1358 1192 licere

233 1229 377 1311 militiam
392 1229 545 1313 usquead
558 1247 684 1295 causum
699 1248 845 1294 coronae.
872 1229 934 1294 Sed
946 1239 978 1296 et
990 1229 1030 1296 de
1041 1249 1159 1298 corona
1170 1230 1257 1315 prius
1269 1231 1357 1298 dica·

233 1359 315 1404 runs.
355 1340 480 1404 Laurea
502 1341 565 1403 ista
588 1337 729 1421 Apollini
753 1337 933 1404 velhibero
956 1357 1048 1404 saera
1072 1345 1137 1404 est:
1172 1337 1218 1404 illi
1242 1339 1356 1406 utdeo

228 1444 471 1523 telorum‚‘huie
494 1450 529 1511 ut
544 1444 607 1509 deo
631 1443 877 1528 triumphorum.
924 1441 977 1511 Sic
1000 1444 1093 1510 donet
1109 1444 1259 1512 Claudius
1282 1467 1355 1514 eum

230 1557 261 1617 et
277 1559 379 1636 myrto
396 1551 441 1617 ait
460 1551 577 1618 milites
589 1551 730 1618 redimiri
755 1550 868 1618 solere.
902 1551 1032 1618 Veneris
1050 1552 1130 1618 enim
1148 1559 1354 1638 myrtum...

134 1677 138 1683 ’
230 1660 331 1738 Quum
358 1664 388 1724 et
404 1657 475 1723 olea
498 1658 612 1726 militia
636 1663 827 1738 eoronathr‚'
842 1659 882 1724 ad
899 1657 1072 1729 Minervam
1092 1661 1140 1727 est
1162 1659 1354 1744 idololatria,

229 1784 388 1831 murorum
413 1784 513 1848 aeque
530 1768 632 1846 deam,
662 1764 718 1829 sed
731 1771 764 1830 et
780 1767 850 1849 paci
866 1786 943 1843 eum,
954 1767 1102 1850 Neptuno
1126 1765 1222 1832 initae
1242 1789 1282 1836 ex
1293 1767 1354 1835 hae

231 1871 345 1938 arbore
361 1879 556 1938 coronatam.
586 1871 623 1937 ln
639 1871 689 1937 his
702 1871 764 1938 erit
779 1875 853 1938 serti
868 1871 1012 1938 militaris
1032 1873 1216 1958 superstitio
1232 1874 1356 1958 polluta

163 2011 167 2021 ·
231 1977 439 2062 et'polluens,
464 1982 634 2063 omniaque
646 1983 712 2065 jam
737 1977 915 2064 polluentur
933 1985 965 2044 et
988 1980 1122 2046 uansis.“
1146 1981 1209 2062 (De
1228 1975 1355 2048 Corona

230 2107 257 2150 c.
268 2084 355 2169 XII).
394 2086 482 2166 Quae
507 2088 541 2152 L.
560 2084 646 2171 Sept.
665 2086 779 2152 Severo
799 2094 950 2168 regnante
974 2107 994 2152 a
1017 2086 1214 2155 Tertulliano
1241 2096 1352 2156 contra

232 2213 421 2260 coronarum
454 2214 542 2259 usum
576 2193 660 2258 dieta
693 2199 783 2270 sunt,
814 2193 909 2258 etiam
939 2193 1054 2260 Severo
1085 2194 1265 2262 Alexandro
1295 2195 1354 2261 irn-

232 2309 364 2382 perante
387 2298 427 2364 ab
451 2298 626 2384 Hippolyto
649 2302 780 2366 retineri
804 2305 960 2384 poterant.
1084 2287 1089 2314 “

326 2409 404 2472 Post
414 2409 653 2473 Constantinum
669 2425 812 2487 magnum
828 2405 930 2473 inutili
943 2407 1049 2474 studio
1063 2407 1112 2473 lex
1130 2409 1354 2494 prohibuisset,

236 2535 276 2578 ne
302 2511 416 2577 milites
442 2511 610 2578 Christiani
634 2514 1058 2599 coronarumsuperetitioni
1081 2515 1241 2581 oederent.
1282 2513 1351 2581 lloe

232 2619 329 2701 igitur
351 2619 441 2700 signo
464 2620 735 2704 agnoscimus,
767 2639 905 2686 canones
928 2628 1054 2688 nostros
1083 2623 1227 2688 arabicus
1250 2620 1290 2686 ad
1314 2640 1353 2690 ea

233 2733 379 2812 tempora
402 2725 627 2810 imperatorum
651 2726 816 2812 pertinere,
840 2727 956 2812 quibus
973 2727 1090 2795 milites
1106 2727 1221 2796 diebus
1235 2726 1354 2796 festinis

234 2835 276 2898 ad
300 2832 537 2916 superstitiosos
560 2833 640 2896 ritus
663 2832 883 2912 adigebantur.

324 2939 412 3006 Idem
429 2945 554 3023 tempus
572 2939 709 3023 produnt
725 2961 763 3006 ea
782 2947 951 3025 praesepta
968 2943 1060 3026 huJus
1076 2940 1213 3020 canonis,
1239 2941 1353 3022 quibus

240 3044 410 3112 Christiani
434 3053 598 3130 eoguntur,
623 3049 657 3112 ut
673 3046 756 3112 vitae
772 3045 901 3114 militari
918 3047 1045 3112 omnino
1062 3049 1243 3112 renuncient
1259 3053 1354 3132 atque

238 3153 335 3219 etiam
365 3155 597 3238 praefecturas
613 3154 749 3237 fugiant,
790 3154 903 3238 quibus
933 3153 1049 3218 inesset
1085 3153 1167 3220 ritae
1205 3155 1355 3240 necisque

235 3265 387 3345 potestas.
426 3260 495 3327 Hae
518 3263 549 3328 in
572 3271 664 3346 parte
686 3265 775 3344 rigor
797 3242 898 3328 nostri
923 3261 1055 3326 canonis
1077 3280 1146 3331 cum
1172 3261 1363 3354 Didascalia

237 3367 360 3452 coptiea
381 3374 546 3434 consonat.

326 3470 528 3542 conterenda
567 3482 660 3554 sunt,
709 3494 790 3558 quae
828 3475 859 3540 in
898 3473 1029 3562 Syriaco
1069 3475 1185 3546 (lodice
1222 3476 1355 3556 sanger·

236 3582 337 3649 mensi
360 3603 379 3646 e
402 3580 540 3648 secundo
572 3580 653 3648 libro
678 3579 851 3677 Clementis
883 3580 924 3648 de
947 3580 1099 3648 militibus
1128 3584 1369 3667 proferunturr.

184 3756 190 3763 ,
237 3689 293 3772 „si
317 3689 386 3772 quis
409 3687 499 3754 miles
516 3687 647 3770 est,.vel
668 3695 860 3772 potestatem
879 3708 1000 3770 gerens,
1027 3691 1129 3756 diseat
1152 3709 1212 3754 nun
1238 3685 1353 3755 calum·
1415 3683 1433 3714 s
1534 3677 1535 3750 l

308 3975 337 4043 1)
363 3975 427 4032 Non
445 3993 507 4032 emo
525 3976 614 4046 ospiti
638 3991 780 4040 eoronam.
817 3974 891 4044 uuio
909 3983 959 4031 tua
976 3975 1110 4040 interest,
1130 3973 1232 4048 emptis
1251 3975 1355 4030 nihilo·

235 4062 328 4118 minus
346 4061 462 4120 floribus
487 4065 627 4138 quomodo
653 4067 788 4120 utem...
822 4063 881 4120 Non
906 4079 1040 4120 eoronam
1067 4061 1183 4119 naribus
1214 4064 1377 4134 novimum

235 4151 372 4223 viderint,
397 4154 446 4226 qui
464 4171 515 4228 per
533 4154 668 4224 espillum
687 4152 851 4210 odorantur.
