3074 4780
214 395 254 462 16

209 569 252 638 ad
281 571 450 638 secundam
482 576 514 664 et
544 568 672 638 tertiam
705 590 845 636 mensam
872 573 1006 656 jubebat
1037 569 1258 664 aeuumbers.“
1289 606 1334 618 -

211 675 460 762 Elephantorum
485 676 649 760 quadrigis
674 685 706 742 et
729 675 858 742 camelis
881 674 1097 743 delectabatur
1121 675 1178 760 (ib.
1203 676 1271 759 23).

300 783 427 866 „Canes
451 791 622 867 quaternos
646 785 786 868 ingentes
805 787 911 869 junxit
934 785 975 851 ad
998 805 1125 852 currum
1151 833 1159 849 .
1184 838 1191 852 .
1217 831 1225 855 .
1259 805 1331 868 pro

212 891 307 958 cessit
322 892 354 958 in
371 890 529 974 publicum
548 899 578 957 et
598 891 735 976 quatuor
750 891 851 958 cervis
864 892 981 978 junctis
995 892 1185 975 ingentibus.
1215 887 1335 976 ‘duruit

125 1078 130 1087 .
211 997 273 1064 sibi
296 1004 328 1064 et
350 997 456 1064 leones
598 999 703 1082 junxit
735 1005 766 1064 et
789 1002 885 1080 tigres
1028 997 1141 1064 habuit
1164 1003 1196 1062 et
1217 995 1332 1080 hippo·
1437 1038 1459 1094 .·

99 1189 102 1196 ,
210 1113 356 1190 potamos
380 1113 412 1171 et
435 1106 630 1174 crocodilum
654 1115 686 1174 et
708 1107 975 1174 rhinocerotem.‘²
1024 1103 1240 1189 (Lampridius
1264 1107 1332 1191 28.)

302 1213 360 1278 His
385 1211 602 1278 deliramentis
627 1219 704 1296 quot
719 1213 861 1280 homines
880 1215 922 1279 ad
947 1212 1106 1278 venandos
1130 1218 1161 1278 et
1186 1231 1335 1278 mansue·

216 1319 329 1384 tendas
346 1320 465 1384 bestias
479 1321 646 1386 necessarii
663 1317 791 1400 inerint,
816 1319 907 1386 l'acile
925 1319 1089 1386 aestimari
1104 1325 1221 1404 potest.
1264 1317 1334 1386 Hoc
1461 1329 1466 1337 “

212 1445 311 1508 genus
346 1434 529 1492 venatorum
565 1434 598 1492 et
625 1407 910 1492 mansuetariorum
945 1426 1137 1520 baptismate
1171 1425 1330 1508 indiguum

212 1540 290 1596 erat.
339 1530 469 1598 Illorum
501 1539 679 1616 temporum
710 1533 890 1617 corruptela
914 1531 1088 1615 explicatur
1112 1532 1226 1611 etiam,
1255 1551 1332 1617 quo·
1439 1565 1440 1574 .

142 1690 145 1699 .
215 1638 312 1704 modo
327 1622 447 1704 facturn
463 1640 513 1719 sit,
538 1649 573 1705 ut
588 1640 681 1705 etiam
707 1641 880 1724 aurigae·
892 1634 970 1724 quos
987 1640 1148 1726 Syriacum
1171 1639 1334 1723 exemplar

214 1755 340 1812 servata
355 1767 472 1828 graeca
487 1768 563 1814 voce
586 1743 735 1833 ἡνιόχους
758 1747 908 1832 appellat,
932 1749 1214 1832 proscriberentur.
1238 1748 1333 1814 Lam·

212 1851 333 1936 pridius
355 1853 395 1918 de
411 1853 618 1937 Heliogabalo
642 1862 752 1922 narrat
775 1855 858 1939 (31).
895 1856 983 1937 „lter
1006 1860 1149 1941 privatus
1171 1874 1330 1938 uunquam

215 1961 319 2028 minus
342 1963 507 2046 sexaginta
529 1963 678 2030 vehiculis
702 1962 792 2043 feeit,
827 1964 896 2032 avia
928 1985 985 2037 sua
1009 1965 1105 2032 Varia
1128 1962 1331 2044 reclamante,

211 2051 436 2152 quod'omnia
465 2071 649 2154 perditurus
680 2078 773 2139 esset.
820 2073 999 2156 Imperator
1027 2092 1101 2138 vero
1133 2070 1229 2136 etiam
1259 2091 1334 2135 sex·
1408 2093 1412 2104 ⁸

212 2181 302 2240 centa
325 2175 470 2242 vehicula
493 2176 608 2242 dieitur
631 2177 756 2243 duxisse
782 2225 866 2244 ....
906 2177 1009 2244 Causa
1031 2175 1244 2245 vehiculorum
1263 2185 1333 2244 erat

124 2331 131 2339 .
212 2281 368 2364 lenonum,
394 2282 545 2364 lemarum,
572 2283 881 2352 meretricum
907 2281 1108 2350 multitudo.“
1346 2347 1348 2354 .

304 2388 351 2456 Ea
374 2389 470 2471 igitur
493 2395 672 2474 praecepta,
706 2392 820 2472 quibus
843 2390 948 2458 officia
971 2400 1085 2456 natura
1108 2408 1165 2456 suu
1188 2389 1333 2472 honesta,
1372 2437 1375 2450 .

187 2495 272 2565 ¹sed
295 2495 505 2580 pessimorum
536 2497 766 2580 imperatorum
799 2498 884 2564 vitiis
907 2496 1050 2580 foedata,
1082 2498 1332 2582 proscribuntur,

214 2603 256 2668 ad
279 2603 357 2670 haee
379 2603 449 2686 ipsa
480 2610 624 2690 tempora
653 2605 822 2672 reserenda
853 2613 934 2674 sunt.
981 2607 1068 2672 Inter
1091 2605 1194 2672 varias
1226 2619 1360 2670 reeene·
1431 2647 1437 2656 ·

215 2713 322 2778 sioues
358 2710 485 2778 illorum
520 2721 760 2796 praeceptorum
794 2735 929 2780 canones
960 2715 1060 2780 nostri
1092 2713 1163 2779 ideo
1187 2712 1333 2802 eminent,

216 2821 303 2903 quod
325 2822 415 2905 sigua
439 2823 619 2888 certissima
641 2825 834 2909 depravatae
850 2826 966 2892 aetatis
983 2824 1176 2904 caracallae,
1200 2823 1335 2889 Macrini
1429 2809 1435 2816 ¹

214 2935 247 2995 et
269 2928 470 3012 Heliogabali
492 2930 616 2998 fidelius
639 2924 854 3012 servaverunt,
879 2953 972 3016 quarn
998 2937 1143 2996 caeteras
1166 2928 1332 2994 editiones.

216 3036 336 3116 Quibus
359 3040 455 3103 rebus
480 3039 630 3121 efficitur,
665 3041 809 3108 conditos
834 3059 901 3106 esse
927 3038 975 3103 vel
999 3040 1039 3102 ab
1063 3034 1133 3117 ipso
1159 3030 1332 3115 Hippolyto

217 3143 266 3210 vel
289 3143 330 3210 ab
354 3154 485 3214 auctore
507 3151 604 3214 aetati
628 3148 791 3232 Hippolyti
814 3145 969 3230 proximo.

304 3252 467 3320 Accedunt
490 3255 554 3320 alia
577 3265 763 3338 argumenta
786 3252 992 3333 antiquitatis.

305 3357 433 3441 Insigne
456 3341 658 3444 praeceptum
684 3361 797 3426 horum
820 3377 975 3422 canonum
994 3355 1034 3420 ud
1058 3357 1334 3437 grammaticos

217 3465 366 3551 pertinet.
396 3465 467 3534 Non
484 3467 587 3534 facilis
602 3466 748 3552 quaestio
764 3476 842 3542 erat,
859 3462 935 3546 quid
951 3460 1106 3544 agendum
1123 3468 1206 3529 esset
1221 3463 1336 3548 magis-

218 3575 286 3655 tris,
323 3573 377 3657 qui
402 3573 612 3643 Christianam
634 3572 729 3640 fidem
754 3571 906 3656 professi,
929 3569 1054 3637 scholas
1078 3591 1152 3637 suas
1178 3571 1336 3639 dimittere

218 3701 281 3746 nou
304 3688 462 3764 poteraut,
501 3680 674 3765 Virgilium,
699 3678 864 3744 Horatium
886 3683 917 3743 et
937 3683 1076 3746 caeteros
1092 3685 1219 3746 autores
1239 3678 1336 3743 inter·

218 3791 436 3871 prolabantur,
482 3788 531 3856 Eo
562 3798 722 3873 tempore,
758 3806 822 3870 quo
856 3784 1027 3853 Christiani
1062 3793 1195 3854 mortem
1232 3784 1337 3869 potius

218 3893 359 3975 obibant,
383 3917 478 3980 quam
501 3896 603 3962 thuris
627 3895 740 3962 minam
764 3914 839 3959 arae
869 3895 1050 3980 injicerent,
1082 3894 1261 3960 Christiano
1286 3890 1337 3954 vix

219 4001 346 4086 dignum
371 4025 440 4070 esse
464 4004 647 4084 videbatur,
680 4008 715 4066 ut
738 4018 776 4066 ea
800 3995 956 4085 poemata,
988 4004 1157 4088 inquibus
1181 4000 1337 4066 memoria

219 4109 351 4180 deorum
374 4109 495 4178 honore
519 4109 725 4195 afficiebatur,
752 4109 912 4197 discipulis
934 4111 1207 4196 interpretaretur.
