3068 4758
264 457 307 522 94

263 631 322 715 fac,
346 640 384 702 ut
397 632 595 700 haereditate
609 633 743 718 accipiat
758 631 801 716 id,
817 632 905 718 quod
922 630 1014 700 estin
1027 633 1126 716 coelo,
1142 653 1201 718 per
1214 629 1386 699 Dominum

262 746 406 807 nostrum
430 741 543 832 Iesum
562 739 723 808 Christum
747 739 848 807 filium
871 747 960 806 tuum
984 729 1151 822 dilectum,
1176 747 1207 806 et
1231 738 1385 824 Spiritum

265 854 410 915 sanctum
433 847 465 913 in
489 849 615 916 saecula
638 841 846 915 saeculorum.
893 849 1002 914 Amen.
1341 909 1344 916 .

352 953 393 1020 ut
416 955 520 1020 omnio
542 955 701 1038 legumina
720 961 835 1036 terrae,
861 955 1030 1038 omniaque
1053 961 1152 1038 poma
1174 957 1327 1020 arborum
1351 957 1386 1017 et

265 1083 375 1130 omnes
404 1060 524 1130 fructus
556 1068 662 1129 terrae
694 1061 1021 1146 (cucumerariorum),
1050 1060 1181 1128 benedic
1204 1080 1258 1143 ea,
1289 1065 1388 1144 atque

266 1169 361 1236 etiam
385 1191 449 1252 eos,
473 1169 529 1255 qui
552 1171 690 1243 afferunt
713 1169 777 1253 illa,
802 1168 945 1237 benedic.

131 1467 136 1474 '
267 1469 457 1542 XXXVII.
496 1468 606 1538 Cauca
628 1473 812 1556 tripesimus
834 1472 998 1554 septimus.
1034 1469 1230 1570 Episcopum
1252 1471 1390 1554 quoties-

128 1647 130 1650 .
265 1608 387 1671 cunque
409 1589 531 1654 sanctis
553 1588 716 1673 mysteriis
744 1587 817 1671 frui
846 1585 930 1667 cuit,
965 1587 1114 1653 diaconos
1136 1591 1167 1653 ct
1182 1586 1389 1672 presbyteros

265 1723 456 1790 conprepcre
487 1703 598 1770 debere
620 1704 749 1770 indotos
771 1705 955 1770 uestimento
978 1701 1067 1783 ciba,
1089 1702 1279 1786 pulchriora
1303 1703 1388 1788 (ocs-

410 1819 567 1905 timentis)
587 1819 712 1903 popuii.
758 1819 850 1886 Idem
873 1820 911 1886 de
933 1817 1133 1904 Auopuostis
1155 1818 1246 1886 ocict.

356 2015 609 2102 Quotiescunque
633 2015 809 2101 Episcopus
832 2016 1039 2084 sacramentis
1062 2013 1125 2082 frui
1148 2015 1233 2099 vuit,
1259 2035 1389 2099 congre·

268 2129 384 2208 gentur
407 2121 533 2191 diaconi
560 2129 592 2190 et
615 2124 795 2190 sacerdotes
828 2124 913 2210 apud
937 2145 1017 2205 eum,
1054 2121 1157 2188 induti
1192 2121 1388 2188 vestimentis

269 2228 351 2296 albis
375 2230 606 2314 pulchrioribus
632 2228 774 2312 (vestitu)
798 2230 895 2295 totius
912 2229 1031 2313 popuii,
1056 2229 1253 2312 potissimum
1279 2234 1386 2294 autem
1440 2245 1443 2252 ·

267 2313 402 2404 mundis.
448 2335 508 2402 Est
530 2343 637 2402 tamen
654 2335 750 2402 abiis
773 2336 879 2419 potino
902 2334 1173 2420 (expectandum),
1198 2343 1233 2402 ut
1254 2336 1319 2402 sint
1341 2335 1388 2400 in·

267 2441 336 2508 duti
359 2443 550 2524 integritate,
576 2442 762 2508 bonaenim
789 2463 887 2526 opera
910 2442 1056 2510 omnibus
1078 2442 1274 2509 vestimentis
1298 2462 1387 2526 prae·

267 2555 362 2617 stant.
409 2549 515 2617 Etiam
548 2552 750 2631 Anagnostae
780 2549 919 2616 habeant
948 2539 1062 2616 festiva
1091 2549 1276 2616 indumenta
1307 2553 1388 2616 sicut

269 2655 325 2740 illi,
343 2663 375 2724 et
390 2663 474 2724 stent
490 2659 522 2724 in
547 2660 685 2735 ambone
707 2657 769 2742 (pr.
787 2659 818 2723 in
835 2659 905 2724 loco
917 2655 1075 2742 lectionis)
1100 2664 1132 2723 et
1148 2657 1229 2723 alter
1252 2656 1387 2722 alterurn

271 2765 416 2850 excipiat,
441 2765 542 2832 donec
556 2771 643 2833 totus
665 2763 801 2850 populus
825 2772 1042 2850 congregetur.
1080 2764 1197 2833 Postea
1212 2765 1389 2850 Episcopus

272 2879 342 2940 oret
364 2877 396 2938 et
418 2873 563 2956 perficiat
586 2871 728 2938 Missam.

131 3235 133 3240 .
268 3172 443 3240 XXXIII.
485 3171 595 3240 Oouou
625 3175 810 3260 tripcsimuc
840 3181 976 3242 octavos.
1024 3173 1075 3242 De
1097 3180 1198 3256 occia,
1231 3197 1296 3260 quo
1316 3195 1389 3242 sur-

266 3292 353 3357 racit
375 3289 534 3358 Domiuue
551 3296 674 3358 'uester
707 3290 805 3358 Iesus
836 3289 1004 3372 Christus,
1040 3292 1125 3375 quod
1157 3313 1263 3360 omues
1296 3293 1389 3358 ilium

156 3449 164 3462 ·
267 3411 388 3474 uectem
408 3406 522 3490 cipitia
540 3425 704 3491 pcrapcm,
730 3406 844 3473 deinde
866 3427 952 3490 aqua
975 3407 1080 3473 iocari
1095 3408 1236 3474 deberent.
1268 3407 1320 3475 Dc
1335 3411 1386 3490 iis,

269 3522 326 3606 qai
342 3527 419 3604 post
441 3522 633 3606 baptismum
651 3527 785 3605 peccota
807 3525 1020 3606 committeret,-
1042 3526 1259 3591 comprentotio
1274 3526 1313 3591 dc
1331 3525 1390 3592 hoc

267 3659 318 3718 rc,
350 3639 496 3722 coquitur
526 3639 744 3706 commentatio
776 3639 815 3705 de
845 3640 906 3720 iic,
943 3662 1024 3724 quoe
1051 3643 1126 3725 ficri
1154 3661 1217 3709 roca
1247 3643 1387 3725 debcant,

482 3755 616 3840 denique
638 3755 678 3822 de
700 3755 753 3836 iis,
778 3777 859 3840 quoe
881 3758 1076 3826 observando
1097 3760 1173 3826 siut.

359 3947 431 4019 Nox
459 3951 697 4020 resurrectionis
725 3950 985 4021 Domini-nostri
1015 3955 1090 4023 Jesn
1116 3954 1232 4024 Christi
1263 3976 1388 4026 summo

270 4056 377 4126 studio
401 4057 601 4126 observanda
624 4065 685 4142 est,
718 4066 767 4126 est
789 4061 873 4126 enim
897 4081 1021 4144 magna.
1068 4063 1186 4130 Omnes
1217 4063 1313 4148 igitur
1334 4063 1390 4132 illu

268 4171 362 4236 nocte
384 4164 515 4251 vigilent
542 4164 707 4248 usquead
730 4187 898 4252 auroram,
932 4174 1007 4236 tunc
1030 4169 1137 4239 lavent
1158 4191 1272 4260 corpus
1296 4193 1387 4241 suum
