3068 4758
1260 475 1320 538 105
1371 497 1377 504 ’

202 647 415 736 ἑρμηνεύεται
448 649 688 748 ὄδιακορήτης
720 642 822 738 ἤγουν
843 647 862 715 ὅ
885 651 1187 738 παρθενοφθόρος.
1233 649 1324 714 Aod-

203 772 262 848 dor
283 773 344 861 reip
375 776 473 862 nequi
498 779 541 863 τῇ
568 774 735 859 Ῥωμαίων
764 772 922 862 διαλέκτῳ
950 774 972 863 ἦ
1000 775 1127 862 φθορά.
1175 773 1239 856 (Cf.
1264 774 1323 842 La·

202 903 311 985 garde,
336 903 427 988 reliq.
451 925 482 990 p.
503 904 568 988 11.)

193 1009 198 1022 ’
293 1029 381 1108 Quae
398 1029 514 1114 duplex
527 1029 751 1114 interpretatio
767 1028 915 1112 ostendit,
940 1050 1048 1097 vooem
1073 1027 1324 1115 „iudempistes“

203 1159 325 1218 veteres
370 1153 563 1238 interpretes
601 1156 689 1254 varie
735 1155 923 1222 exercuisse.
977 1155 1139 1240 interpres
1178 1153 1340 1238 Coptious,

202 1277 345 1342 ultimam
369 1285 514 1362 partem:
548 1279 692 1364 „pistes“
716 1287 896 1365 separatam
919 1280 1135 1364 intactamque
1159 1255 1326 1364 reliquisse

76 1457 88 1476 ,
203 1402 336 1468 videtur.
382 1401 590 1488 Quamquam,
629 1425 683 1472 our
709 1426 768 1489 pro
805 1405 948 1489 „pistes“
975 1395 1097 1490 'potius
1140 1404 1320 1487 „munista“

204 1527 361 1610 posuerit,
393 1549 455 1594 uon
488 1532 565 1596 satis
588 1529 700 1616 liquet.
739 1534 802 1598 Pro
826 1531 851 1596 B
873 1533 1066 1598 recentiores
1089 1531 1228 1598 Graecos
1250 1530 1329 1592 ΜΙΙ

202 1652 348 1735 scribere,
374 1661 569 1739 compertum
595 1663 660 1722 est:
694 1657 847 1738 μπασίας
877 1635 971 1749 ML),
993 1651 1169 1739 μπαταλία
1194 1655 1325 1738 Battag·

203 1778 255 1860 lia,
280 1779 506 1866 anaordqdor
529 1781 698 1848 bastardus
722 1789 782 1848 eto.
817 1781 903 1848 Fieri
926 1782 1040 1867 potuit,
1065 1787 1101 1848 ut
1122 1803 1183 1848 vox
1206 1779 1326 1849 latina:

204 1903 439 1987 ludimagister,
463 1909 530 1970 tam
554 1911 735 1972 monstrose
757 1905 998 1990 depravaretur.

293 2028 440 2094 Forsitan
474 2034 579 2098 textus
622 2029 762 2114 coptieua
797 2028 869 2096 loeo
905 2027 1040 2096 obscuro
1074 2027 1174 2094 luoam
1212 2029 1326 2096 afferre

183 2125 318 2238 ,potest
354 2157 408 2221 ubi
442 2153 523 2220 haec
545 2153 713 2238 leguntur:
752 2154 808 2221 Vel
844 2153 987 2239 publicus
1022 2175 1133 2220 servus
1169 2147 1329 2242 δημόσιος

205 2277 346 2363 (scripsit
376 2278 496 2364 Ooptus
535 2278 702 2366 διμωσιος)
745 2281 778 2348 in
810 2280 895 2347 oireo
930 2279 1161 2366 (prosopaxiqr).
1212 2277 1330 2378 02³7?

206 2423 399 2489 quamquam
422 2425 442 2470 a
471 2403 568 2502 0522)
593 2405 698 2473 bestia
721 2409 801 2472 bene
816 2406 987 2488 derivetur,
1012 2407 1098 2491 apud
1114 2404 1233 2472 Arabes
1248 2405 1328 2473 nihil

206 2529 374 2616 signifieat,
400 2531 486 2618 quod
510 2541 623 2599 nostro
645 2533 808 2606 contextui
831 2537 1027 2602 conveniret:
1059 2533 1136 2619 quid
1160 2531 1242 2599 enirn
1268 2533 1329 2600 hoo

206 2659 278 2727 loco
301 2663 366 2724 est:
403 2657 508 2739 „inani
532 2665 641 2724 ventre
670 2657 732 2726 fuit
754 2679 831 2744 prae
860 2657 994 2726 iams?“
1023 2641 1101 2726 'Nisi
1115 2658 1176 2724 huo
1200 2657 1329 2728 trahere

206 2785 297 2867 velis,
321 2783 408 2871 quod
432 2783 530 2869 Syrus
552 2783 664 2851 habet:
692 2784 764 2852 bola
785 2785 953 2870 seqayiiiro
981 2783 1156 2868 „devorans
1178 2783 1328 2858 vitrum“.

207 2909 275 2978 Hae
304 2909 572 2994 interpretatione
604 2909 745 2976 admissa
774 2910 966 2977 haberemus
998 2909 1077 2976 illud
1107 2930 1208 2993 genus
1240 2875 1330 2994 prae:

207 3037 417 3122 stigiatorum,
442 3034 530 3120 quod
552 3040 661 3102 nostro
685 3038 782 3102 etiam
804 3042 949 3120 tempore
970 3041 1081 3103 notum
1105 3041 1164 3102 est.
1211 3037 1329 3115 Quam·

206 3183 302 3247 quam
326 3168 459 3246 propter
480 3181 614 3247 sequeus
637 3141 782 3247 qus-sss
809 3159 920 3228 melius
943 3160 1078 3229 forsitan
1104 3159 1145 3226 de
1169 3161 1330 3229 bestiariis

207 3293 240 3354 at
262 3285 483 3354 mansuetariis
513 3286 743 3372 imperatorum
774 3284 977 3370 interpretari
1013 3286 1140 3372 poterit.
1195 3265 1340 3372 W
1403 3353 1407 3360 .

207 3415 281 3498 quin
304 3411 345 3480 sit
366 3409 519 3497 κυνηγός,
545 3419 686 3493 venator,
711 3431 774 3478 uon
790 3416 838 3478 ast
856 3431 912 3477 our
935 3409 1126 3496 dubitemus,
1150 3433 1222 3482 eum
1246 3413 1328 3482 baso

206 3558 267 3604 vox
301 3535 467 3622 (κυνηκος)
502 3533 535 3602 iu
570 3539 660 3600 textu
694 3533 819 3620 ooptieo
855 3540 943 3601 extet
977 3532 1022 3620 (p.
1046 3535 1115 3620 45).
1167 3535 1204 3606 Iu
1238 3543 1329 3605 textu

206 3681 320 3744 graeco
349 3667 423 3754 post
453 3659 706 3746 temperaretur
736 3658 833 3728 etiam
868 3659 1006 3744 aberfrau
1037 3668 1200 3730 notantur.
1255 3665 1328 3732 Non

120 3845 125 3852 .
207 3789 247 3854 do
269 3786 428 3854 eommuui
451 3785 626 3867 venatione,
659 3783 716 3852 sed
741 3786 781 3852 da
804 3782 983 3853 truculenta
1014 3792 1046 3854 et
1068 3785 1232 3856 luxuriosa
1262 3787 1328 3856 arri·

208 3911 336 3981 melium
359 3910 562 3995 instigatione
586 3931 691 3979 sermo
716 3931 785 3980 essa
809 3909 945 3980 ridetur.
979 3895 1117 4008 &mii
1144 3931 1193 4028 0⁶
1221 3893 1330 4022 gqis

206 4063 255 4124 est
287 4055 508 4142 θηρωμάχος,
547 4053 728 4122 bestiarius.
766 4089 805 4104 ·-·
854 4052 936 4134 Quid
967 4061 1074 4122 autam
1104 4056 1147 4122 sit
1182 4039 1329 4154 μὴ

206 4180 305 4295 (μιοάι
322 4181 408 4248 iutra
437 4185 622 4252 venatorem
649 4187 686 4250 et
709 4179 892 4248 batianum
915 4181 1058 4266 ponitur,
1091 4177 1222 4250 dibioiie
1243 4179 1331 4250 dioto
