3068 4758
195 419 292 487 .80
397 365 411 382 “

248 597 331 664 lecto
352 597 474 690 jejunio
502 597 673 690 proprium
709 595 770 664 sibi
805 597 1031 666 constituerent
1054 596 1182 684 pascha,
1202 613 1207 626 ·
1214 601 1371 682 ponentes

248 703 485 779 fundamentum
503 703 590 772 aliud
607 725 644 772 ac
661 703 748 787 illud,
771 705 859 790 ¹quod
876 705 1014 790 positum
1033 710 1091 772 est.
1115 703 1148 790 (1
1167 704 1241 771 Cor.
1256 708 1284 786 3,
1303 702 1370 788 11).

180 1015 183 1021 ’
249 1014 387 1094 XXIII.
426 1025 534 1094 Ouuou
565 1027 737 1110 utpesr'mus
769 1027 892 1108 tertius,
923 1026 962 1093 de
989 1027 1152 1108 doctriua,
1182 1025 1275 1092 dium
1305 1045 1374 1092 esse

181 1243 185 1246 -
280 1150 464 1234 emptionem
487 1151 572 1218 murt
595 1156 626 1218 et
647 1151 890 1235 coputstttouem
912 1153 985 1235 ejus
1006 1151 1106 1217 mutto
1128 1149 1341 1233 studiosiori·

339 1365 470 1432 Fratres
493 1365 595 1432 nostri
619 1361 770 1450 Episcopi
793 1364 825 1430 in
850 1363 915 1431 suis
942 1363 1121 1431 civitatibus
1145 1348 1376 1449 (dioecesibus)

249 1473 372 1554 singula
403 1493 544 1556 quaeque
581 1471 752 1538 secundum
792 1473 946 1538 mandata
981 1470 1206 1555 Apostolorum
1243 1473 1376 1555 patrum

250 1586 434 1648 nostrorum
478 1579 715 1664 disposuerunt,
758 1599 841 1664 quae
888 1579 994 1645 omnia
1039 1584 1172 1665 propter
1217 1575 1377 1645 defectum

252 1685 349 1756 officii
372 1687 472 1753 nostri
508 1681 760 1754 c‘ommcmorare
794 1707 857 1758 non
892 1706 1070 1771 possumus.
1114 1681 1237 1777 Posteri
1272 1686 1379 1754 nostri

249 1800 402 1877 caveant,
435 1815 476 1860 ne
499 1793 554 1861 ills
586 1793 720 1878 (statuta
743 1780 935 1879 apostolica)
968 1779 1155 1876 immutent,
1187 1791 1264 1859 dicit
1292 1793 1379 1859 onim

246 1902 376 1988 (autor)
400 1906 445 1996 da
465 1902 625 1987 doctrina,
657 1903 744 1970 illam
769 1923 838 1969 esse
859 1901 1049 1988 ampliorem
1076 1900 1172 1984 mari,
1201 1901 1269 1967 sine
1291 1902 1378 1990 fine;

178 2033 182 2046 ·
245 2003 367 2094 magno
398 2009 494 2095 igitur
517 2009 621 2078 studio
645 2009 887 2094 contendamus,
911 2015 948 2077 ut
969 2011 1170 2096 acquiramus
1193 2008 1376 2086 doctrinam

160 2153 173 2170 κ
251 2119 424 2186 secundum
449 2122 552 2186 varias
575 2118 707 2203 species,
732 2105 827 2204 quam
846 2103 905 2186 'ubi
919 2117 1107 2186 'invenimus
1130 2117 1328 2204 recipiamus.

254 2457 388 2524 XXIV.
426 2449 537 2525 Ouuou
558 2457 732 2543 uipesc'mus
755 2461 890 2541 quartus
905 2455 944 2522 de
966 2455 1140 2533 uisituudc's
1157 2455 1197 2520 ub
1213 2450 1377 2539 Episcopo
1420 2500 1427 2510 -

252 2583 400 2666 infirmis.
442 2581 614 2668 Asprum,
648 2583 705 2668 qut
736 2581 851 2650 hubent
874 2582 1019 2665 domum,
1051 2582 1092 2680 tu
1115 2581 1246 2648 eundem
1267 2580 1378 2648 redire

450 2709 572 2790 debere,
597 2708 653 2776 aot
671 2726 784 2792 preces
807 2709 844 2776 tu
866 2697 997 2776 ecclesia
1020 2707 1173 2774 dixerut.

343 2940 391 3009 Sit
418 2941 569 3018 diaconus
604 2941 657 3026 qui
681 2941 874 3027 Episcopum
911 2940 1079 3030 comitetup
1112 2937 1199 3006 omni
1231 2943 1377 3023 tempora

249 3047 362 3133 illique
392 3050 512 3116 indicet
539 3048 681 3133 singulos
713 3047 873 3134 infirmos;
905 3067 1023 3134 magun
1053 3049 1138 3114 enim
1159 3067 1210 3113 res
1243 3045 1377 3130 (magna

255 3156 444 3242 consolatio)
474 3163 522 3223 est
542 3157 668 3223 infirmo
691 3175 712 3221 a
735 3156 877 3241 principe
900 3154 1099 3223 sacerdotum
1122 3135 1268 3235 visitarif
1298 3152 1377 3236 (non

246 3247 344 3347 ἰῆτο)
368 3261 593 3330 reconvalescit
610 3281 630 3328 a
645 3265 768 3346 morbo,
792 3262 919 3348 quando
935 3262 1113 3348 Episcopus
1133 3261 1174 3330 ad
1190 3262 1375 3343 sumserit,

145 3392 147 3400 ’
255 3369 411 3454 inprimis,
443 3369 469 3434 si
493 3389 587 3454 sopor
620 3391 658 3436 co
683 3373 770 3450 orat3
807 3369 882 3454 quis
913 3371 1026 3436 umbra
1056 3367 1143 3436 Petri
1175 3367 1300 3438 sanavit
1329 3368 1377 3442 iu·

77 3502 84 3513 ’
117 3518 125 3532 2
247 3479 365 3544 ¹firmos
388 3475 472 3559 (Act.
497 3482 527 3559 5,
555 3475 631 3562 lu).

175 3689 178 3694 Α
275 3591 279 3599 ’
346 3601 481 3682 Quando
496 3623 573 3670 vero
585 3587 653 3687 jam
665 3599 745 3668 adeo
762 3600 933 3668 exhaustae
950 3601 1040 3686 (sunt
1054 3600 1138 3691 vires
1153 3597 1375 3686 aegrotantis),

245 3715 291 3786 „ut
320 3709 486 3778 immineat
517 3708 630 3778 ultima
664 3708 750 3792 dies,
789 3707 905 3776 infirmi
935 3730 999 3778 nou
1030 3715 1245 3795 exponantur,
1280 3713 1316 3774 ut
1345 3707 1377 3772 in

245 3815 445 3889 ‚coemeterio
468 3816 642 3900 dormiunt,
675 3819 732 3884 sed
762 3819 847 3902 apud
877 3837 1046 3902 pauperes.
1091 3816 1151 3898 Qui
1174 3821 1280 3883 autem
1304 3835 1378 3899 pro·

255 3925 359 4010 priam
387 3924 517 3992 domum
546 3924 660 4008 habet,
694 3927 821 4009 quando
851 3922 1049 4008 infirmatur,
1081 3945 1145 3992 non
1167 3923 1377 3992 transferatur

256 4033 289 4100 in
314 4035 495 4116 ecclesiam,
527 4032 585 4100 sed
608 4039 677 4102 oret
699 4031 921 4101 tantummodo
943 4031 976 4098 in
998 4031 1145 4116 ecclesia,
1168 4037 1244 4100 tuuc
1266 4030 1377 4098 redeat

244 4139 290 4213 ‚iu
313 4140 444 4248 domum
468 4157 568 4212 suam.
1121 4129 1125 4137 ’
1186 4162 1189 4171 ’
