3068 4758
1238 455 1420 522 95'

160 641 254 708 aqna,
278 629 450 712 autequam
471 633 570 714 agant
579 625 712 709 Pascha,
738 627 903 714 omnisque
926 626 1066 714 populus
1091 628 1133 696 sit
1148 628 1180 698 in
1203 631 1284 708 luce,

160 728 221 796 Illa
251 732 334 800 enim
364 741 457 802 nocte
494 734 633 818 salvator
669 738 753 802 omni
786 743 951 804 creaturae
985 735 1164 804 libertatem
1201 759 1286 818 corn-

161 839 305 922 pararit3
351 842 466 908 festum
512 841 610 924 igitur
653 849 751 926 agunt
797 843 948 910 coelestia
986 849 1019 908 et
1056 844 1221 910 terrestria
1252 851 1286 913 et

160 945 284 1028 omnia,
323 968 406 1032 qnae
444 957 517 1018 sunt
545 950 578 1016 in
608 949 700 1018 coelo
731 956 761 1016 et
794 951 827 1016 in
857 958 961 1032 terra,
1002 949 1077 1033 quia
1111 951 1285 1020 resurrexit

160 1055 336 1120 amortuis
371 1059 403 1119 et
436 1054 578 1122 ascendit
611 1055 643 1120 in
678 1055 822 1137 coelum,
855 1058 1010 1142 sedetque
1047 1055 1089 1123 ad
1122 1058 1283 1126 dexteram

163 1156 275 1241 Patris,
299 1158 384 1227 unde
407 1167 559 1227 venturus
583 1161 686 1228 estin
710 1161 812 1243 gloria
835 1162 940 1228 Patris
971 1161 1018 1227 sui
1043 1169 1075 1229 et
1097 1165 1281 1246 angelorum

161 1287 301 1349 suorum,
334 1273 370 1333 ut
398 1266 553 1334 retribuat
575 1267 743 1353 unicnique
774 1267 944 1334 secundum
976 1290 1075 1354 opera
1106 1293 1174 1340 sua.
1221 1276 1283 1355 Qui

162 1371 248 1440 bona
270 1381 400 1458 egerunt
432 1374 695 1462 (deputabuntur)
727 1374 768 1442 ad
798 1375 1064 1443 resurrectionem
1095 1379 1196 1463 ritae,
1227 1382 1283 1468 qui

164 1482 247 1548 male
270 1487 412 1565 egerunt,
437 1482 478 1547 ad
500 1483 763 1549 resurrectionem
783 1483 904 1568 judicii,
929 1483 1009 1550 sicut
1032 1477 1260 1571 scriptumest.

248 1579 409 1656 Debemus
432 1589 530 1671 igitur
560 1588 671 1672 vigiles
693 1611 761 1658 esse
785 1590 1054 1675 omnitempore,
1087 1612 1150 1658 non
1177 1592 1283 1661 indul·

163 1703 272 1778 gentes
306 1695 405 1762 oculis
439 1696 556 1764 nostris
598 1696 868 1763 dormitationem.
922 1695 1106 1764 Cavendum
1140 1708 1207 1782 est,
1242 1681 1315 1768 ne'

164 1803 372 1870 somnolentia
394 1823 452 1870 nos
475 1803 650 1888 opprimat,
675 1804 776 1870 donec
797 1803 992 1870 inveniamus
1015 1804 1119 1872 locum
1141 1805 1281 1891 domino,

161 1927 238 1974 nere
261 1912 333 1994 quis
358 1909 460 1976 dicat:
495 1909 652 1996 Equidem
683 1915 716 1976 et
747 1910 925 1995 baptizatus
949 1918 982 1978 et
1005 1931 1140 1995 corpore
1166 1913 1283 1981 Christi
1381 1951 1392 1962 -

163 2013 466 2100 (sacramentaliter)
489 2023 601 2100 pastus
623 2037 693 2084 sum
709 2053 752 2063 -
776 2022 808 2082 et
830 2015 888 2082 tali
910 2014 1095 2100 adjumento
1117 2020 1216 2085 iratus
1239 2055 1282 2067 -

159 2120 224 2204 jam
255 2123 394 2208 quietern
426 2122 573 2205 anhelet,
606 2124 734 2212 dicens:
771 2121 870 2205 „Sum
906 2123 1142 2207 Christianus“,
1179 2132 1213 2192 et
1234 2126 1281 2190 in-

86 2297 91 2306 ,
163 2229 307 2294 veniatur
330 2229 404 2296 talis
423 2237 549 2297 amator
564 2230 756 2313 deliciarum,
781 2251 912 2296 aversus
935 2251 955 2296 a
975 2229 1135 2297 mandatis
1152 2231 1280 2299 Christi.

164 2333 249 2404 Talis
272 2337 385 2405 similis
408 2345 493 2404 esset
523 2338 644 2406 homini
679 2339 841 2415 sordibus,
856 2339 960 2422 pleno,
996 2337 1050 2422 qni
1077 2339 1111 2404 in
1135 2339 1281 2406 balneum

164 2438 291 2526 quidem
314 2445 454 2527 intrarit,
478 2447 535 2512 sed
557 2445 644 2530 prius
668 2444 743 2512 inde
766 2444 862 2511 exivit
884 2466 979 2530 quam
1003 2444 1084 2511 bene
1107 2444 1280 2512 defricatus

164 2558 264 2633 esset,
297 2551 343 2618 ita
374 2559 409 2618 nt
439 2551 552 2618 sordes
582 2552 615 2617 in
639 2573 677 2618 eo
702 2551 799 2618 etiam
829 2557 942 2637 postea
963 2550 1175 2618 inveniantur.
1220 2551 1279 2618 Ille

161 2655 241 2722 enim
274 2679 338 2724 non
368 2657 514 2725 adhibuit
553 2658 748 2726 exustionem
779 2657 926 2742 spiritns,
964 2655 1004 2722 de
1037 2675 1102 2741 qna
1136 2657 1279 2742 loquitur

163 2763 272 2830 beatus
284 2763 402 2832 Paulus
417 2787 560 2848 monens,
577 2772 612 2831 ut
627 2764 724 2830 simus
739 2767 895 2832 ferventes
907 2761 1028 2849 Spiritu
1042 2763 1147 2846 (Rom.
1161 2769 1211 2847 12,
1224 2764 1278 2850 ll)

161 2871 423 2956 omnitempore.
517 2948 519 2959 Ι

248 2978 432 3064 Quicunque
453 2976 513 3044 has
536 2976 663 3061 regulas
685 2976 908 3059 custodierint,
940 2997 1005 3062 pax
1027 2975 1155 3044 Domini
1184 2996 1280 3062 super

158 3081 230 3152 illos
255 3086 427 3152 descendat
450 3091 485 3152 et
507 3105 604 3169 super
627 3076 762 3151 'omnem
793 3084 974 3169 (populum)
997 3083 1106 3151 lsrael.
1154 3083 1275 3167 (Galat

159 3196 196 3274 6,
229 3194 293 3276 16.)
339 3193 491 3259 Inimicus
512 3191 591 3257 nihil
627 3192 674 3276 (in
706 3190 764 3275 eis)
801 3191 950 3272 lucretur,
989 3189 1045 3256 sed
1078 3191 1279 3278 requiescant

158 3299 329 3384 aliquando
353 3321 424 3366 cum
449 3299 565 3365 sanctis
588 3299 621 3363 in
643 3317 744 3380 regno
768 3297 897 3364 Domini
920 3297 1021 3364 nostri
1050 3298 1125 3364 lesu
1149 3297 1275 3381 Christi,

157 3427 216 3490 per
243 3426 337 3489 quem
368 3406 480 3473 Gloria
502 3405 571 3472 Deo
604 3405 689 3471 Patri
718 3410 750 3470 et
771 3403 855 3470 Filio
883 3411 915 3470 et
938 3404 1068 3490 Spiritui
1100 3410 1211 3472 sancto
1245 3411 1278 3476 et

156 3533 241 3578 nuno
263 3519 294 3578 et
317 3534 441 3598 semper
461 3519 493 3578 et
513 3510 684 3578 insaecula
706 3509 913 3578 saeculorum.
939 3512 1050 3577 Amen.
1075 3509 1186 3597 Sitque
1207 3509 1277 3578 laus

156 3613 217 3686 deo
239 3635 366 3705 semper
389 3619 475 3688 etin
498 3625 673 3688 aeternnm.

633 3935 793 3952 *nu-—
