3068 4758
1256 351 1306 413 -86

179 516 319 586 m.
341 517 449 586 Geron
471 519 666 604 tripesimus.
713 518 766 587 De
788 521 1017 590 catechumenis
1039 529 1070 590 et
1102 523 1159 609 (de
1180 523 1310 610 quitus·

412 637 489 704 dom
510 635 633 721 rebus),
669 659 750 722 qnae
772 639 816 704 od
838 659 890 705 eos
906 639 1080 722 pertinent.

274 793 499 864 catechumeni
523 797 654 864 audiant
677 799 925 882 instructionem,
952 819 1032 882 quae
1053 799 1096 866 ad
1118 781 1214 868 fidem
1237 822 1310 887 per-

179 901 276 984 tinet,
303 911 335 969 et
349 924 496 988 magnam
523 905 698 972 doctrinam
716 913 840 973 tantum
865 906 956 990 (nihil
972 905 1164 992 profanum).
1201 909 1309 990 (Cate-

183 1010 374 1094 chumenus)
387 1015 582 1096 propinquos
594 1015 847 1094 consanguineos
863 1036 939 1082 suos
956 1035 975 1079 a
996 1035 1029 1080 se
1046 1021 1172 1082 avertat
1187 1016 1308 1083 omnia-

180 1138 246 1205 que
258 1117 457 1186 incommoda
470 1121 595 1202 toleret,
608 1142 689 1204 quae
700 1122 803 1206 ipsum
815 1122 968 1188 invadunt
979 1128 1111 1206 propter
1122 1122 1307 1204 religionem

180 1231 217 1290 et
241 1227 334 1291 tollat
357 1249 480 1294 crucem
507 1249 608 1309 suam,
641 1249 775 1312 sequens
800 1227 1008 1308 Salvatorem,
1038 1232 1143 1314 sitque
1173 1237 1305 1313 paratus
1406 1299 1413 1310 ,

179 1331 224 1397 ad
247 1334 484 1418 perpetiendam
512 1342 648 1401 mortem
672 1344 805 1422 propter
820 1334 1047 1421 professionem
1066 1337 1202 1420 Christi3
1230 1336 1308 1402 effu·

178 1440 270 1523 ςίιιιιι
295 1442 376 1508 enim
391 1464 456 1508 non
472 1442 670 1526 relinquitur,
696 1445 867 1528 quominus
879 1444 985 1526 homo,
1010 1443 1306 1530 quiperfeetionem

180 1547 317 1632 quaerit,
341 1556 491 1632 tentetur,
516 1551 598 1616 siout
621 1557 763 1618 tentatus
780 1559 829 1618 est
845 1553 997 1618 Dominus
1013 1558 1122 1618 noster
1136 1552 1186 1618 his
1202 1552 1307 1618 tribus

177 1655 426 1740 tentationibus,
466 1657 586 1722 seilicet
608 1657 792 1742 eupiditate,
827 1657 975 1740 superbia
1010 1663 1042 1724 et
1069 1659 1204 1726 avaritia
1242 1658 1305 1743 (pr.

151 1785 294 1854 ‚amore
316 1765 410 1849 auri).
451 1765 606 1832 Tentator
630 1765 710 1830 enim
736 1765 927 1834 salvatorem
944 1772 1088 1834 nostrum
1109 1768 1305 1852 jejunantem

180 1892 241 1936 sua
264 1870 392 1938 fallacia
413 1891 582 1956 aggressus
605 1872 703 1938 dixit:
730 1872 761 1940 Si
778 1879 813 1938 tu
829 1893 863 1939 es
885 1869 968 1938 filius
991 1873 1052 1956 dei,
1078 1874 1141 1956 dio,
1166 1881 1202 1940 ut
1224 1873 1305 1958 lapis

178 1977 235 2044 ille
258 1976 314 2044 fiat
336 1980 438 2064 panis.
485 1981 534 2045 Tu
564 1980 661 2064 igitur
691 1980 786 2046 etiam
811 2003 830 2047 o
854 1986 979 2062 asceta,
1011 1981 1038 2045 si
1062 1980 1192 2065 proprio
1215 1985 1306 2046 motu

179 2086 333 2172 jejunium
367 2087 427 2154 tibi
458 2087 600 2170 elegisti,
641 2108 715 2154 care
737 2091 813 2171 tibi,
849 2109 889 2153 ne
912 2087 1063 2154 admittas
1095 2087 1304 2172 cogitationes

180 2194 250 2278 ejus
285 2192 342 2278 (se.
366 2216 386 2260 a
408 2200 566 2262 tentatore
589 2194 785 2278 inspiratas),
822 2193 966 2261 suadebit
990 2197 1070 2260 enim
1101 2194 1169 2276 tibi,
1200 2200 1234 2259 ut
1257 2197 1306 2260 in·
1369 2182 1372 2191 ’

179 2298 302 2397 fringas
326 2301 501 2368 devotionis
524 2308 599 2370 tuae
622 2303 831 2386 propositum,
855 2302 1001 2388 inprimis
1025 2301 1051 2366 si
1079 2307 1128 2368 est
1147 2302 1303 2388 jejunium
1394 2292 1397 2301 ¹

178 2405 252 2490 lege
274 2409 526 2491 praescriptum,
557 2407 716 2492 responde
747 2409 815 2494 ipse
844 2408 907 2474 tuis
933 2407 1034 2492 ipsius
1058 2406 1304 2492 cogitationibus

177 2513 274 2580 simili
297 2517 394 2582 modo
417 2513 539 2597 dicens,
573 2521 608 2580 nt
631 2517 784 2582 Dominus
807 2523 902 2582 tuus:
936 2536 999 2581 non
1031 2514 1102 2581 solo
1125 2507 1207 2599 p¹aue
1229 2512 1306 2580 vivit

176 2621 284 2703 homo,
309 2621 365 2687 sed
390 2622 475 2687 omni
500 2627 614 2704 verbo,
640 2623 725 2706 quod
747 2622 893 2708 procedit
916 2643 956 2688 ex
980 2641 1035 2686 ore
1058 2620 1119 2689 dei.

268 2745 436 2814 Caeterum
459 2747 520 2814 hoe
542 2745 695 2812 verbum:
729 2746 794 2828 „Ut
816 2746 868 2814 hie
890 2745 973 2832 lapis
995 2745 1053 2812 fiat
1075 2745 1187 2836 panis“
1212 2766 1303 2812 suam

177 2855 339 2940 propriam
357 2853 455 2922 habet
470 2854 675 2938 allegoriam3
702 2855 756 2940 qui
772 2855 855 2922 enim
871 2863 982 2922 amant
996 2855 1174 2938 thesauros,
1197 2859 1305 2922 errant

179 2967 211 3028 et
232 2961 278 3028 ita
303 2961 423 3045 (studia
447 2961 519 3048 sua)
543 2969 737 3048 componunt
747 2958 768 3047 ,⁸
791 2969 826 3032 ut
849 2963 912 3030 dici
934 2963 1053 3047 possit,
1088 2961 1210 3048 lapides
1234 2983 1304 3030 esne

177 3069 357 3151 thesauros,
382 3075 490 3136 amant
513 3070 595 3136 enim
620 3069 800 3153 thesauros,
825 3068 970 3156 qnifinnt
984 3077 1147 3152 stereora3
1172 3069 1302 3154 (sensim

179 3175 373 3262 sensimque)
397 3177 442 3244 ita
464 3175 655 3260 afficiuntur,
681 3184 717 3244 ut
738 3182 859 3263 putent,
882 3176 957 3242 inde
981 3176 1042 3244 sibi
1057 3176 1155 3244 vitam
1178 3177 1296 3262 parari,

179 3285 269 3370 quasi
291 3305 382 3369 pane.
430 3281 535 3364 Quare
569 3283 656 3350 subit
688 3284 828 3350 animum
865 3284 1018 3356 memoria
1052 3284 1139 3350 effati
1171 3283 1297 3352 Domini

179 3414 241 3477 quo
264 3393 360 3460 dicit:
388 3389 522 3471 Quando
547 3391 747 3476 multiplicati
771 3398 843 3458 sunt
858 3391 1000 3458 thesauri
1022 3391 1169 3477 hominis,
1193 3398 1300 3464 tamen

179 3499 275 3566 vitam
300 3520 390 3566 suam
414 3520 477 3568 non
500 3499 620 3566 inuenit
641 3499 675 3566 in
699 3499 752 3566 eis.

268 3613 374 3682 Nolite
404 3616 501 3700 igitur
531 3635 641 3682 amare
670 3623 838 3698 argentum
865 3619 1066 3684 oamatores
1097 3615 1174 3700 Dei,
1208 3615 1302 3686 radix

161 3707 261 3794 'enim
297 3722 436 3790 omnium
472 3721 631 3792 malorum
665 3724 698 3790 in
721 3744 832 3792 amore
863 3723 1017 3808 pecuniae
1039 3728 1103 3804 est;
1142 3724 1302 3808 vitamque

178 3835 315 3922 vestram
353 3832 439 3916 agite
455 3833 537 3902 ¹sine
575 3831 806 3915 sollieitudine,
845 3830 922 3898 dicit
952 3834 1034 3900 enim
1066 3831 1296 3915 (Apostolusl

181 3938 317 4006 Timoth·
335 3947 364 4022 6,
390 3941 455 4023 8.):
481 3939 640 4008 Habentes
663 3945 768 4008 autem
792 3939 945 4008 alimenta
960 3945 993 4006 et
1008 3936 1122 4026 quibus
1141 3943 1298 4024 tegamur,

178 4045 228 4112 his
252 4046 389 4116 contenti
414 4067 533 4116 sumus.
580 4047 663 4116 Audi
686 4047 790 4134 igitur,
820 4066 902 4134 quae
925 4045 1039 4114 suadet
1061 4049 1173 4112 beatus
1196 4043 1300 4114 David
