3068 4758
1262 372 1319 439 iil

204 555 256 635 gia
279 552 409 618 arabica
431 557 463 616 et
487 569 611 634 graeca,
645 549 764 615 Romae
794 571 823 614 a.
851 553 934 616 1839
967 548 1258 664 impressa·p.·258
1290 547 1324 613 oi

63 657 67 666 ’
203 669 445 766 κατηχούμενοι
473 682 545 742 sunt
580 657 789 770 &opsti-

294 821 408 887 Totum
442 839 592 886 canonem
625 818 657 883 in
690 821 728 883 17
753 817 972 902 paragraphus
1008 816 1224 899 distinximus,
1261 837 1323 901 quo

205 946 326 1014 facilius
349 944 570 1012 annotationes
592 963 664 1010 oum
687 949 776 1010 textu
800 945 977 1028 comparari
1000 947 1142 1026 possent.
1304 941 1307 948 ’

297 1091 325 1152 l.
362 1085 612 1152 catechumenos
642 1093 797 1169 martyres
811 1081 977 1168 baptismo
1007 1079 1166 1166 sanguinis
1190 1084 1323 1169 expiari,

205 1213 456 1281 constitutiones
491 1215 549 1296 Ap.
576 1210 626 1293 (V,
652 1209 687 1294 6)
721 1209 868 1315 «locarat,¹
887 1209 928 1276 de
950 1207 1113 1294 sepultura
1148 1185 1322 1294 martyrum

205 1337 283 1404 nihil
305 1338 515 1445 praecipiunt.
1284 1329 1287 1338 ’

276 1503 325 1564 ,2.
364 1440 491 1594 actii
513 1481 559 1557 ilii
586 1497 617 1562 in
643 1498 712 1561 Vat.
737 1495 888 1580 scriptum
913 1499 961 1561 est
995 1491 1104 1588 ⁸7⁴.ss
1133 1479 1197 1555 iol.
1245 1487 1322 1562 Cum

206 1621 375 1688 defuturo
400 1625 559 1706 baptismo
579 1625 702 1704 agatur,
726 1639 765 1684 ex
781 1617 927 1686 contaxm
950 1617 1119 1686 transtuli:
1148 1617 1323 1700 „tintanhu-

207 1771 315 1816 meuns
338 1748 498 1834 baptismo
522 1747 731 1814 initiandus.“.
750 1783 793 1796 ·-
817 1747 879 1812 Pr'o
902 1748 961 1859 e>
989 1743 1148 1832 seriptum
1163 1749 1232 1810 erat
1253 1747 1323 1860 e‘o

207 1895 262 2006 cl)
294 1893 421 1978 propris
445 1898 493 1958 est
522 1891 696 1974 „exaltare
721 1888 878 1956 elevare.“
928 1891 997 2002 δ’ὁ
1027 1887 1069 1952 ad
1091 1887 1175 1954 hunc
1195 1893 1323 1970 contex-

208 2039 273 2100 tum
295 2057 358 2102 non
380 2036 533 2122 quadrat,
566 2029 797 2120 vituperatione
826 2033 908 2100 eninr
936 2030 1048 2115 dignus
1071 2037 1154 2098 esset
1176 2031 1324 2100 catechu-

210 2179 327 2243 meuus‚
351 2163 403 2248 qui
429 2163 620 2248 propelleret
644 2160 774 2228 debiles.

297 2343 327 2403 3.
365 2305 463 2436 ici-{j
491 2303 580 2434 §aa
607 2307 675 2446 3732
701 2302 753 2436 ὧι
793 2339 939 2422 proprie:
984 2338 1101 2418 „Certo
1140 2358 1219 2405 onus
1255 2333 1323 2422 ejus

206 2475 450 2565 (catechumeni)
475 2505 570 2568 supra
593 2504 663 2548 enm
689 2481 748 2564 (sc.
768 2479 974 2566 Episcopum)
1006 2479 1107 2544 solum
1140 2481 1321 2564 impositum

204 2603 284 2668 est.¹‘
320 2603 532 2672 Tertullianus
547 2615 694 2686 testatur,
719 2605 962 2671 catechumenos
985 2606 1214 2690 peccatavitee
1231 2621 1324 2691 prae-

203 2725 318 2794 teritae
341 2727 500 2796 confessos
525 2751 612 2812 esse,
644 2739 812 2814 antequam
844 2727 1095 2814 baptizarentur.
1143 2729 1194 2813 (V.
1219 2731 1321 2818 Mayr,

204 2887 224 2956 l.
243 2908 269 2956 e.
293 2910 325 2974 p.
346 2888 443 2973 135.)‘
459 2889 521 2958 Pro
543 2870 653 2970 upa
680 2890 774 2976 posui
813 2856 935 2982 Q,
963 2890 1039 2976 qnia
1069 2870 1181 2970 [ιαμ-’ν
1208 2913 1227 2958 a
1251 2911 1321 2956 eon-

202 3037 292 3098 textn
315 3034 453 3100 alienum
476 3054 603 3102 sensum
631 3033 745 3116 efficit,
779 3033 838 3102 nisi
869 3032 1107 3118 interpretaris:
1142 3032 1322 3120 „particeps

201 3157 378 3224 veritatis.“

292 3305 322 3366 4.
363 3299 580 3384 Quaesumus,
605 3323 686 3387 quae
708 3299 770 3366 hoe
792 3302 862 3368 loco
885 3299 1152 3385 praescribuntur,
1177 3304 1218 3369 ad
1235 3318 1320 3368 sern-

203 3421 281 3488 tinia
303 3425 602 3492 catechumenorum
625 3427 798 3509 pertinent.
836 3425 885 3504 De
902 3445 1036 3512 quarum
1062 3425 1318 3509 explorationem

202 3547 297 3616 modo
319 3551 494 3617 canonista
510 3552 633 3632 clarius,
660 3568 754 3636 qnam
771 3558 897 3618 caetera
914 3551 1113 3632 documenta,
1139 3549 1318 3634 singulatim

200 3650 330 3742 tractat.
368 3673 517 3742 Proxima
541 3677 663 3746 aceedit
684 3675 812 3744 Didase.
836 3670 920 3760 cept.
946 3675 1032 3760 545,
1056 3697 1088 3762 p.
1106 3681 1158 3743 52.

291 3839 321 3902 5.
362 3834 543 3902 Cavendum
567 3839 647 3916 erat,
673 3855 712 3900 ne
736 3833 912 3919 baptismus
933 3855 993 3920 pro
1013 3831 1169 3901 communi
1191 3833 1319 3902 lavaero

201 3963 294 4024 esset.
335 3957 557 4026 Catenhnmeni
582 3957 678 4042 igitur
700 3965 775 4024 ante
798 3957 991 4044 baptismum
1016 3955 1134 4024 lotione
1154 3977 1222 4024 sese
1245 3971 1320 4044 pur·
1375 4003 1382 4017 .

200 4084 329 4162 gabant.
378 4081 538 4166 Compara
563 4079 681 4148 didnso.
706 4089 788 4166 oopt.
814 4107 843 4168 p.
863 4087 903 4148 52
929 4101 1014 4167 seqq.
1111 4083 1114 4090 “
