3068 4758
247 395 288 463 ‘ld

244 573 325 644 illud
347 575 455 659 tradit,
480 567 691 662 sacerdosque
716 575 856 662 (dianoni
880 599 1010 646 munere
1033 577 1181 663 iungens)
1213 572 1373 664 prehenso

246 704 341 760 manu
363 688 432 770 ejus
456 683 597 765 dexteru,
621 675 716 750 'vertit
738 682 851 752 faciem
869 687 944 770 ,ejus
968 687 1009 754 ad
1033 689 1199 756 orientem.

338 796 388 859 10.
425 792 602 876 Antequam
627 792 798 878 inaquam
823 793 1011 887 descendat,
1042 793 1124 861 facie
1148 794 1371 868 adorientem

246 920 401 986 nonnemo
425 905 516 971 ιιιιιι
533 921 627 985 super
650 922 759 996 oquae,
785 901 831 968 ita
846 901 933 984 dicit,
958 907 1126 988 postquam
1141 901 1254 968 'oleum
1278 923 1371 968 exor-

245 1007 335 1074 cismi
357 1013 469 1075 nactus
501 1013 572 1075 est:
607 1008 678 1091 Ego
710 1007 818 1091 oredo,
851 1030 965 1094 meque
983 1009 1109 1094 sinolinu
1140 1028 1248 1076 eorem
1272 1015 1305 1076 to
1337 1015 1371 1079 et

247 1135 356 1180 eornm
379 1119 450 1182 totu
472 1114 587 1182 militie
609 1121 665 1184 tua
688 1114 831 1200 (coelesti
854 1117 874 1182 i.
898 1138 923 1182 e.
947 1137 1056 1196 eoram
1079 1117 1199 1202 angelis
1223 1123 1255 1183 et
1278 1136 1371 1184 suno·

245 1221 302 1306 tis)
328 1213 347 1290 ὀ
371 1222 465 1289 Pater
498 1228 530 1289 et
553 1223 614 1289 Fili
643 1229 675 1291 et
699 1223 836 1308 Spiritus
859 1230 977 1291 saneto.
1034 1231 1036 1236 ’

303 1337 305 1342 ’
337 1334 387 1398 ll.
425 1331 512 1396 Tune
536 1329 706 1397 descendat
728 1325 909 1417 inaquam,
934 1331 1083 1416 sacerdos
1106 1337 1213 1400 autem
1238 1353 1369 1400 manum

245 1457 335 1505 suam
372 1438 467 1523 ospiti
503 1443 570 1524 ejus
605 1439 747 1523 imponat
783 1443 917 1522 eumque
947 1441 1125 1522 interroget
1157 1441 1209 1512 his¹
1243 1441 1369 1508 verbis:
1482 1528 1486 1534 Ι

210 1608 213 1614 .
246 1545 358 1611 Credis
388 1545 421 1610 iu
444 1545 545 1612 Deum
577 1545 704 1613 Patrem
737 1547 1011 1631 omnipotentem?
1035 1547 1273 1632 septumum
1300 1571 1371 1616 res-v

245 1653 404 1738 pondeus:
429 1653 498 1734 Ego
511 1653 617 1736 oredo,
639 1657 744 1738 prima
760 1654 827 1720 vieo
842 1655 1029 1737 inmergitur
1041 1675 1151 1741 equae,
1168 1655 1244 1721 dum
1266 1677 1371 1724 sacer·

203 1789 206 1795 ·
246 1760 304 1826 dos
340 1781 469 1826 manum
506 1760 602 1846 oapiti
638 1762 705 1846 ejus
740 1761 921 1846 impositam
957 1762 1118 1848 relinquit.
1163 1762 1275 1829 Altera
1302 1765 1372 1852 vioe

246 1889 319 1932 eum
353 1868 403 1935 his
442 1870 547 1936 verbis
581 1872 775 1951 interrogat:
744 1870 1010 1937 tCredisue'
1001 1893 1034 1936 ru
1068 1872 1175 1937 Jesum
1207 1848 1371 1939 Christum

244 1976 346 2042 filium
371 1976 439 2059 Dei,
465 1998 558 2059 quem
583 1979 709 2062 peperit
697 1979 836 2045 tMaria
859 1978 961 2060 virgo
974 1978 1149 2063 exSpiritu
1113 1986 1290 2079 inuncto,
1315 1981 1373 2066 qui

247 2083 333 2150 venit
356 2084 397 2148 ad
421 2075 607 2150 salvandum
631 2105 731 2168 genus
753 2085 937 2168 humanum,
971 2086 1024 2175 qui
1049 2085 1287 2154 oruoifixust
1240 2073 1287 2154 est
1310 2110 1371 2174 pro

245 2195 377 2260 nobiet
378 2213 508 2276 empore
532 2191 625 2258 Pilati
648 2192 750 2258 Pont'
716 2199 770 2275 ιιι,
806 2197 858 2276 qui
887 2202 1030 2261 mortuus
1062 2197 1125 2260 ιιι
1134 2195 1372 2266 etsurrexita

246 2300 380 2366 mortuis
403 2302 498 2364 tertia
522 2298 572 2364 dio
604 2305 635 2364 et
658 2299 806 2366 ascendit
833 2302 875 2366 ad
899 2300 1020 2382 coelos,
1052 2302 1202 2384 sedetque
1226 2301 1269 2366 od
1292 2301 1371 2382 dex:

245 2412 347 2472 teram
371 2406 487 2492 patris,
512 2411 544 2470 et
566 2405 671 2472 veniet
692 2405 892 2491 judicaturus
924 2407 1065 2487 vivoset
1089 2411 1255 2476 mortuos?
1294 2409 1371 2496 Res,

245 2514 408 2600 pendens:
440 2513 510 2598 Ego
535 2512 641 2596 eredo,
667 2515 770 2580 altera
793 2515 860 2580 vioe
884 2515 1071 2599 inmergitur
1094 2536 1206 2600 aquae.

333 2622 554 2705 Interrogatur
577 2629 685 2720 autem
710 2625 825 2690 tertio:
864 2623 1013 2688 Credisne
1043 2623 1074 2688 in
1100 2623 1252 2708 Spiritum
1276 2645 1367 2692 sano·

244 2738 311 2818 tum
336 2730 523 2816 paraclitum
554 2719 824 2815 procedentem‘o
845 2731 942 2798 Patre
974 2731 1176 2817 Filioque?
1226 2734 1370 2818 Respon-

244 2839 340 2906 dens:
378 2839 539 2920 „Credo“,
577 2839 778 2920 immergitur
810 2861 911 2926 aquae
935 2841 1041 2908 tertio.
1078 2839 1214 2924 Singulis
1248 2841 1370 2940 vicibus

244 2955 300 3015 aut
302 2969 352 3013 em
376 2947 452 3012 dioit
439 2945 640 3030 t(saoerdos
664 2951 743 3031 bap
744 2948 862 3032 rzans)
897 2948 965 3033 Ego
981 2948 1123 3033 ebap
1114 2972 1162 3016 rzo
1186 2949 1218 3014 in
1240 2951 1369 3016 nomine

243 3053 412 3121 Patristet
444 3053 578 3120 Filiitet
610 3053 765 3162 Spiritus
779 3059 896 3138 sancti,
930 3055 983 3138 qui
1014 3053 1177 3140 aequalis
1187 3062 1233 3123 est
1265 3056 1368 3141 (Patri

243 3127 405 3248 etFilio).

258 3261 263 3268 Χ
337 3277 386 3337 12.
422 3271 485 3337 Ubi
515 3291 552 3336 ex
587 3293 670 3357 aqua
704 3271 863 3354 aseendit,
900 3273 1050 3365 sacerdos
1086 3272 1156 3339 oleo
1191 3273 1367 3356 gratiarum

244 3379 394 3461 actionis,
432 3379 517 3464 quod
541 3385 646 3464 tenet,
679 3380 782 3462 signet
815 3378 952 3446 frontem
977 3387 1066 3466 etos
1099 3386 1129 3446 et
1158 3386 1269 3466 pectus¹
1298 3383 1369 3466 ejus

245 3487 335 3568 signo
362 3487 463 3551 crucis
473 3489 656 3570 ,ungitque
678 3492 781 3551 totum
804 3505 919 3570 eorpus
944 3490 1010 3574 ejus
1035 3493 1067 3554 et
1082 3494 1177 3572 caput
1197 3495 1232 3554 'et
1254 3487 1367 3578 faciem

244 3595 311 3698 ejus
349 3593 473 3662 dioens:
511 3593 579 3678 Ego
611 3599 643 3658 te
675 3615 759 3677 ungo
794 3595 826 3658 in
860 3595 986 3660 nomine
1021 3595 1105 3660 Pa
1065 3601 1123 3660 ιιι
1159 3600 1190 3660 et
1176 3595 1298 3660 tFilii
1334 3602 1367 3663 et

244 3689 380 3786 Spiritus
405 3703 515 3768 suncti.
563 3702 684 3768 Deinde
716 3723 821 3786 panno
852 3723 921 3770 eum
947 3703 1018 3772 abst
1005 3705 1100 3804 tergit
1131 3709 1221 3770 ceute
1244 3709 1275 3770 et
1297 3725 1367 3772 ves·

244 3810 329 3877 tibus
353 3809 499 3876 indutum
523 3809 555 3874 in
579 3809 777 3875 eeclesiam'
768 3811 950 3880 introducit.
1194 3821 1196 3826 '

337 3917 469 3983 13.1bi
502 3917 679 4002 Episcopus
712 3939 841 3984 manum
873 3939 964 3984 suam
1003 3919 1170 4022 imponens
1207 3916 1363 4002 omnibus,

244 4026 297 4110 qui
330 4024 481 4109 baptizali
516 4034 605 4108 sunt,
645 4025 695 4092 his
737 4027 842 4093 verbis
878 4035 966 4094 orat:
1015 4013 1256 4128 „Beuedioimu's
1292 4025 1365 4094 Tibi

245 4133 444 4221 omnipotens
467 4133 592 4218 Deus,
605 4117 679 4219 quio
701 4133 760 4201 hos
796 4119 908 4221 dignos
942 4123 1141 4218 reddidisti
1139 4133 1217 4222 qui
1247 4119 1365 4202 iterum
