3068 4758
1238 435 1279 497 79

154 633 217 700 que
242 613 391 696 orationi,
422 613 618 700 psalmorum
641 611 820 680 recitationi
844 617 876 678 et
899 610 1026 678 lectioni
1050 611 1282 696 scripturarum

155 745 227 790 cum
259 721 455 790 orationibus
493 725 666 790 secundum
698 723 882 789 mandatum
918 719 1158 804 apostolorum:
1196 719 1282 814 Dum

157 830 259 912 venio,
290 828 424 897 attende
455 829 583 896 lectioni
608 828 638 913 (1
666 828 804 895 Timoth.
829 832 865 910 4,
894 828 970 904 13.).
1016 825 1129 893 Clerici
1164 831 1281 907 autem,

158 938 210 1023 qni
233 939 401 1004 convenire
424 935 599 1022 negligunt,
625 957 725 1021 neque
743 939 854 1002 morbo
870 955 972 1020 neque
987 932 1101 998 itinere
1124 931 1280 1016 impediti,

157 1047 352 1131 separentur.
389 1043 566 1124 Caeterum,
592 1042 679 1126 quod
702 1041 743 1107 ad
767 1041 908 1107 infirmos
938 1039 1092 1125 pertinet,
1127 1035 1283 1104 medicina

157 1151 234 1237 ipsis
256 1152 289 1218 in
313 1171 353 1217 eo
375 1149 480 1234 posita
504 1156 564 1231 est,
589 1154 624 1213 ut
648 1149 852 1232 frequentent
876 1148 1056 1228 ecclesiam,
1081 1154 1116 1212 ιιι
1140 1147 1285 1212 fruantur
1397 1142 1403 1156 '

158 1260 317 1341 crstinum
356 1262 490 1341 excepto
515 1277 572 1338 eo,
605 1259 658 1341 qui
688 1255 799 1323 morbo
824 1256 1002 1341 periculoso
1034 1254 1176 1335 laborat,
1209 1251 1283 1318 talis

158 1363 322 1432 sclericis
354 1364 500 1432 visitetur
531 1363 689 1447 quotidie,
722 1367 776 1450 qui
808 1363 848 1429 de
881 1385 917 1430 eo
950 1363 1117 1429 certiorem
1147 1359 1284 1426 reddant

160 1471 391 1559 (Episcopum).
472 1515 502 1556 ,

161 1774 279 1844 XXII.
317 1773 429 1846 Canon
457 1739 630 1860 nipesirnns
659 1774 818 1842 secundus
848 1773 888 1840 de
916 1773 1110 1840 hebdomade
1134 1774 1286 1856 paschali

159 1902 331 1968 scmetdum
352 1899 514 1982 Iudaeos,
538 1899 578 1965 dc
598 1898 735 1966 citanda
757 1898 900 1980 laetitia,
924 1899 963 1964 de
985 1898 1067 1964 cibis
1088 1897 1150 1980 iiia
1171 1897 1286 1966 bebdo-

161 2015 253 2094 made
274 2017 385 2110 bibitio,
418 2026 457 2093 de
478 2026 524 2093 iis
546 2025 689 2124 denique,
713 2025 770 2109 qni
792 2025 829 2091 in
850 2025 966 2122 itinere
987 2024 1140 2108 ipocrcnt
1163 2028 1286 2108 tempus

638 2148 803 2234 paschale.

248 2327 446 2410 Hebdomas,
472 2348 535 2413 qne
556 2327 673 2394 «Iudaei
696 2326 818 2394 Pascha
842 2332 953 2411 agunt,
987 2326 1028 2393 nb
1052 2327 1137 2393 omni
1165 2323 1285 2409 populo

163 2456 286 2504 summo
309 2456 379 2502 oum
403 2434 509 2502 studio
535 2438 731 2519 observetur,
756 2442 949 2518 caveantque
971 2433 1132 2519 inprimis,
1165 2439 1201 2500 nt
1223 2433 1287 2500 illis

165 2543 276 2612 diebus
296 2543 399 2632 jejuni
423 2550 571 2611 maneant
593 2543 635 2610 ab
658 2543 745 2610 omni
767 2544 959 2629 cupiditate,
991 2542 1037 2608 ita
1060 2547 1096 2607 ut
1126 2541 1221 2608 etiam
1245 2548 1286 2610 ab

165 2656 249 2718 omni
286 2673 434 2722 sermone
472 2653 623 2719 hilariore
661 2651 861 2740 abstineaut;
904 2650 1035 2716 tristitia
1074 2649 1105 2714 iu
1143 2670 1288 2715 sermone

166 2766 327 2844 appareat,
352 2759 426 2843 quia
449 2766 581 2843 norunt,
610 2759 779 2826 Dominum
806 2759 944 2826 universi
974 2756 1201 2843 impassibilem
1228 2778 1287 2842 pro
1420 2772 1425 2778 ·

166 2871 257 2935 nobis
280 2888 410 2952 passum
434 2885 503 2933 esse
527 2889 564 2934 eo
587 2874 748 2953 tempore,
781 2874 816 2934 ut
841 2889 899 2935 uos
925 2867 1082 2951 patientes
1113 2864 1288 2932 toleremus

166 2973 302 3058 dolores,
329 2975 441 3059 quibus
458 2973 590 3042 liberari
604 2977 763 3061 possimus
779 2975 842 3042 iliis
859 2977 1033 3060 tormentis,
1050 2996 1132 3061 quae
1155 2979 1290 3061 propter

167 3089 295 3170 peccata
332 3091 442 3150 nostra
480 3087 669 3164 meruimus;
718 3093 817 3170 utque
857 3085 955 3150 etiam
1004 3085 1176 3168 participes
1214 3083 1290 3149 iacti

169 3189 325 3273 dolorum,
349 3213 430 3280 quos
445 3213 505 3278 pro
520 3193 612 3259 nobis
628 3193 776 3277 suscepit,
801 3191 973 3276 participes
990 3194 1088 3257 simus
1104 3190 1193 3275 regni
1211 3194 1289 3278 ejus·

258 3297 355 3364 Cibus
378 3302 501 3380 nutem,
527 3299 580 3383 qni
604 3298 745 3383 paschali
769 3299 905 3386 tempori
929 3298 1090 3382 convenit,
1125 3305 1173 3364 est
1196 3299 1289 3384 panis

162 3407 240 3472 ‘cum
262 3403 331 3472 solo
355 3404 423 3473 sale
446 3411 477 3472 et
500 3425 593 3492 aqua.

260 3509 294 3578 Si
327 3513 398 3599 quis
429 3512 542 3581 morbo
574 3511 706 3581 affectus
737 3518 788 3580 est
816 3514 865 3580 vel
895 3511 963 3580 ruri
992 3513 1090 3579 vitam
1122 3513 1204 3598 agit,
1235 3513 1291 3581 ubi

171 3615 369 3686 Christianos
392 3641 454 3689 non
478 3621 584 3706 novit,
616 3622 662 3688 ita
684 3629 721 3690 ut
742 3626 889 3706 tempore
911 3621 1053 3708 paschali
1077 3620 1291 3706 (hebdomade

173 3727 296 3812 sancte)
328 3725 470 3795 laetitiae
499 3751 533 3798 se
554 3729 735 3816 permittat,
766 3729 916 3814 ignorans
939 3729 1023 3796 sacri
1045 3729 1199 3816 temporis
1228 3734 1293 3796 ter·

172 3835 301 3918 minum,
325 3835 374 3904 vel
397 3839 423 3902 si
447 3837 563 3906 morbo
586 3844 728 3906 extremo
752 3843 879 3905 coactus
896 3845 966 3906 erat
990 3837 1040 3923 (ut
1055 3836 1221 3904 omitteret
1237 3841 1292 3904 ob·

173 3945 382 4012 emotionem
402 3943 548 4032 jejunii):
571 3945 605 4011 hi
630 3927 738 4013 omnes
757 3945 902 4030 jejunent
924 3950 999 4040 post
1017 3943 1235 4014 Pentecostem
1260 3951 1293 4011 et

172 4049 322 4134 ponchaio
347 4049 502 4138 jejunium
532 4051 681 4136 religiose
704 4053 887 4136 observent,
921 4059 957 4121 ut
980 4055 1149 4138 appareat,
1182 4071 1290 4118 eorum

174 4153 318 4224 intimam
343 4156 547 4227 intentionem
567 4179 631 4226 non
647 4179 717 4226 enm
739 4157 846 4244 fuisse,
871 4164 907 4227 ut
929 4163 1054 4248 abjecto
1077 4153 1193 4224 timore
1216 4177 1294 4244 neg·
