3074 4780
1120 513 1286 578 ·25

265 685 456 752 Praecursor
477 685 605 770 quidem
634 687 751 753 Novati
778 685 910 754 forsitan
937 686 1035 754 luisse
1063 693 1178 773 potest.
1215 689 1293 756 Ideo

180 790 249 860 libri
264 794 338 878 ejus,
365 813 555 880 quamquam
573 799 679 862 essent
701 794 870 878 utilissimi,
894 801 1001 862 tamen
1016 795 1165 863 oblivioni
1182 797 1293 863 traditi

175 905 244 966 sunt
277 905 309 966 et
340 899 582 968 constitutiones
611 900 850 985 Apostolorum,
887 905 1016 987 quibus·
1036 902 1076 970 de
1113 901 1292 970 Novatisno

174 1005 317 1090 pistismo
340 1006 460 1090 aliquid
484 1029 647 1092 aspersum
672 1030 741 1074 esse
770 1010 905 1092 videtur,
938 1009 1112 1076 Concilium
1138 1009 1294 1078 Conson-

177 1113 418 1198 tiuopolitanum
443 1115 485 1182 11.
509 1115 703 1200 proscripsit.
720 1115 744 1200 ¹)
1199 1187 1205 1197 ,

255 1221 408 1287 Attamen
431 1222 514 1288 uliae
537 1222 631 1288 etism
654 1223 793 1289 rationes
816 1223 925 1291 afferri
948 1228 1096 1308 possunt,
1121 1243 1179 1290 our
1202 1222 1294 1290 Occi·

174 1323 313 1394 dentalcs
336 1328 460 1412 scripta
477 1327 650 1415 ¹Hippolyti
673 1329 878 1412 negligerent.
915 1329 1049 1414 Scripsit
1071 1328 1155 1396 onim
1172 1329 1295 1414 Hippo·

172 1431 248 1518 lytus
271 1433 381 1516 lingua
405 1455 529 1518 graeca,
553 1455 667 1519 graece
690 1442 722 1500 et
744 1436 827 1501 tituli
851 1436 1006 1502 librorum
1030 1440 1100 1522 ejus
1123 1434 1295 1502 cathedrae

171 1539 354 1636 notissimae
377 1541 525 1625 insculpti
550 1549 631 1622 sunt,
656 1541 777 1622 grecus
800 1541 902 1606 literis
925 1562 1029 1608 canon
1052 1540 1211 1625 paschalis
1233 1541 1294 1608 ibi·

169 1645 238 1711 dem
262 1645 390 1731 legitur.
427 1645 618 1734 tlonjectura
640 1666 787 1730 auguror,
811 1647 1018 1714 adventitium
1043 1651 1163 1715 Romae
1185 1648 1292 1732 luisse,

171 1750 305 1820 forsitan
328 1755 524 1820 Alexandrirt
546 1755 734 1835 advectum,
770 1754 824 1820 ubi
843 1754 961 1821 eodem
993 1761 1139 1840 tempore
1173 1757 1294 1822 amicus
1374 1745 1379 1756 ¹

171 1861 237 1945 ejus
259 1862 404 1942 intimus,
428 1861 573 1942 Origines
597 1861 730 1926 vivebat.

256 1967 388 2034 Accedit
397 1969 411 2048 ,'
437 1966 540 2051 quod,
572 1986 761 2051 quamquam
788 1981 912 2031 morum
941 1968 1110 2034 severitate
1133 1989 1234 2051 aeque
1256 1989 1295 2035 ac

171 2073 316 2139 doctrina
340 2073 519 2154 excelleret,
544 2080 651 2140 tamen
675 2080 750 2156 post
775 2078 908 2138 mortem
932 2073 1101 2160 Zephyrini
1126 2094 1229 2160 papae
1252 2080 1293 2142 ab

170 2179 345 2246 ambitione
369 2200 432 2246 nou
456 2179 577 2247 alienus
601 2179 753 2246 mansisse
776 2177 910 2246 videtur.
949 2179 999 2246 Ex
1021 2205 1059 2249 eo
1085 2179 1167 2248 libro
1191 2181 1294 2264 philo·

169 2287 451 2370 sophumenorum,
469 2289 522 2372 qui
539 2295 613 2354 ante
627 2307 745 2372 paucos
761 2308 860 2362 annos
875 2287 1028 2370 detectus,
1044 2289 1104 2374 ipsi
1117 2287 1292 2375 Hippolyto

170 2391 358 2478 aplurimis,
371 2393 474 2478 iisque
488 2395 691 2477 gravissimas
704 2393 912 2478 scriptoribus
927 2396 1087 2475 tribuitur,
1102 2395 1184 2461 effici
1198 2416 1293 2481 posse

170 2497 311 2580 videtur,
345 2499 552 2584 Hippolytum
583 2501 682 2566 luisse
714 2500 871 2566 aemulum
896 2502 927 2567 S.
955 2500 1078 2568 Callisti
1102 2509 1134 2567 et
1155 2501 1293 2588 primum

169 2604 363 2691 Antipapsm
399 2607 510 2688 egisse.
525 2607 553 2689 ²)
600 2607 696 2691 Cujus
719 2605 841 2672 dissidii
875 2626 962 2688 reus,
992 2627 1184 2690 quamquam
1208 2629 1292 2674 mer·

170 2711 255 2799 tyrio
290 2713 448 2779 maculem
494 2711 636 2793 diluerit,
680 2714 841 2797 quomodo
878 2712 963 2797 apud
998 2713 1157 2780 Romanos
1192 2715 1295 2782 minus

172 2821 358 2888 aestimatus
381 2821 430 2902 sit,
455 2841 552 2904 quam
575 2819 661 2904 apud
674 2819 864 2906 orientales,
888 2819 1023 2906 quilibet
1045 2819 1152 2887 videre
1175 2825 1291 2904 potest.

259 2959 365 3027 vm.
404 2961 474 3029 Non
498 2963 691 3042 reticendum
717 2969 781 3045 est,
811 2963 966 3048 quaedem
990 2963 1023 3028 in
1045 2963 1096 3029 his
1120 2961 1293 3030 canonibus
1366 2973 1373 2988 ⁸

169 3089 344 3149 occurrere,
369 3091 451 3155 quae
466 3076 522 3136 aut
538 3069 724 3156 disciplinae
740 3072 853 3138 veteris
870 3069 1033 3153 ecclesiae,
1057 3075 1113 3136 ant
1128 3069 1294 3155 Hippolyti

171 3176 340 3244 doctrinae
363 3178 549 3244 certioribus
571 3178 781 3244 monumentis
797 3183 900 3260 notae,
927 3177 1090 3244 adversari
1115 3176 1292 3242 videantur.

173 3285 244 3349 Huc
260 3305 298 3350 ee
313 3285 481 3369 pertinent,
506 3303 585 3369 quae
601 3305 722 3352 canone
745 3285 881 3366 septimo
898 3285 937 3349 de
953 3283 1149 3350 subdiacono
1173 3281 1294 3350 caelibe

170 3397 363 3458 statuuntur.
411 3392 549 3458 Clericus
581 3392 716 3458 caelibes
752 3389 873 3457 auctori
905 3411 968 3456 non
1001 3387 1192 3454 reverendos
1224 3408 1294 3457 osse

135 3547 139 3556 .
170 3505 305 3582 propter
328 3499 567 3578 continentiam,
603 3498 659 3566 sed
683 3497 790 3582 potius
813 3498 846 3562 in
870 3496 1076 3580 suspicionem
1099 3496 1295 3564 incontinen-

170 3603 238 3668 tiae
255 3604 459 3686 revocandos,
486 3605 636 3672 ostendit.
672 3605 841 3691 conjugati
864 3593 961 3686 igitur
984 3603 1091 3692 clerici
1107 3603 1167 3688 ipsi
1192 3605 1294 3688 magis

171 3710 343 3794 approbari
374 3711 521 3780 videntur
557 3734 653 3798 quam
686 3711 838 3793 caelibes,
880 3709 929 3776 cui
960 3707 1099 3794 opinioni
1139 3717 1295 3778 consonat

171 3817 329 3902 appendix
366 3819 494 3886 canonis
528 3820 648 3888 octavi:
684 3817 883 3901 „Sacerdos
919 3823 1007 3906 cujus
1040 3838 1121 3884 uxor
1153 3818 1290 3904 peperit,

172 3945 234 3990 nou
259 3929 472 4008 segregetur.“

246 4153 273 4224 1)
292 4157 397 4212 Concil.
417 4155 865 4226 Quinisextum(rrullmum11)
892 4171 952 4210 cau.
971 4153 1006 4210 11.
1026 4152 1069 4210 od.
1089 4151 1181 4208 Bruns
1199 4168 1226 4222 p.
1247 4153 1290 4208 88.

244 4241 273 4314 2)
292 4244 331 4300 Gi.
351 4245 544 4330 Dilliupsr,
570 4243 741 4316 Hippolytus
760 4261 787 4318 p.
808 4247 859 4300 lou
878 4260 951 4316 seqq.

34 4295 38 4412 l

34 4439 36 4502 l
