3074 4780
208 705 300 787 niari,
323 723 383 770 non
403 703 558 784 occidere,
583 725 645 772 non
665 723 787 789 rapere,
811 725 874 770 non
894 701 1016 769 inhiare
1037 703 1150 786 (rebus
1166 701 1324 787 aliorum),

208 809 367 879 iracundia
397 832 460 876 non
491 811 717 891 exardescere,
750 810 906 875 nerninem
939 809 1057 894 injuria
1087 809 1233 889 allicere,
1268 811 1325 876 sed

206 917 344 983 contenti
361 917 424 983 sint
440 919 607 1002 stipendio,
626 918 710 1001 quod
727 917 894 1001 accipiunt.
933 915 1054 994 Quodsi
1068 919 1110 983 ad
1135 916 1325 983 dominicum
1347 925 1350 930 ’

206 1025 368 1110 baptisma
384 1023 510 1089 admitti
527 1023 635 1090 volunt
651 1008 813 1109 (proprior
838 1021 993 1109 baptizari
1008 1023 1116 1090 volunt
1131 1023 1164 1090 in
1182 1023 1325 1108 domino)

204 1132 354 1198 amititia
370 1133 419 1198 rel
435 1155 455 1200 a
472 1140 639 1216 potestate,
665 1154 759 1218 qnam
773 1141 896 1216 gerunt,
918 1151 986 1199 sese
1009 1131 1166 1198 abdicent.
1207 1130 1326 1213 Quodsi

205 1239 311 1307 iacere
342 1250 505 1324 recusant,
540 1265 600 1310 non
625 1245 820 1329 recipiantur
852 1241 907 1326 (ad
930 1240 1147 1326 baptismum).
1195 1241 1227 1308 Si
1251 1259 1326 1308 vero
1447 1287 1452 1302 .

209 1347 320 1430 aliquis
343 1370 382 1414 ex
405 1350 642 1417 catechumenis
663 1350 712 1416 vel
729 1371 768 1416 ex
782 1343 929 1417 fidelibus
953 1348 1086 1415 militiae
1109 1369 1224 1415 nomen
1248 1347 1326 1414 dare

196 1454 284 1544 uult,
309 1460 348 1522 ab
369 1456 430 1522 hoc
446 1457 578 1523 consilio
602 1456 732 1537 resiliat,
756 1457 805 1521 sin
828 1455 939 1537 minus,
965 1454 1142 1539 rejiciatur;
1165 1453 1220 1519 illo
1244 1455 1325 1520 cuim
1376 1442 1379 1446 ⁵

209 1559 336 1628 oonsilio
360 1583 418 1629 suo
440 1561 543 1628 Deum
567 1564 756 1644 contemnit,
789 1559 973 1648 relictisque
995 1559 1090 1627 rebus
1113 1559 1327 1645 spiritualibus
1385 1631 1392 1638 ,

207 1665 298 1734 fidem
330 1669 449 1754 respuit
476 1677 573 1754 atqua
601 1676 791 1754 aspernatus
823 1672 903 1737 est.“
950 1666 1121 1752 (Lagarde,
1153 1665 1208 1734 rel.
1234 1669 1325 1752 juris.

209 1793 271 1858 syr.
301 1795 330 1860 p.
351 1776 417 1858 16.)

296 1879 478 1946 Didascalia
493 1881 617 1965 coptica
633 1881 745 1965 (pti)
762 1880 903 1961 milites,·
914 1881 969 1964 qui
985 1885 1144 1964 potestate
1159 1875 1326 1964 (ἐξουσίᾳ)

212 1986 274 2050 sint
295 1985 453 2068 instructi,
485 1986 615 2068 obligat,
644 1994 680 2052 ut
699 2005 719 2051 a
738 1987 887 2070 sanguino
914 1985 1106 2053 effundendo
1132 1987 1326 2054 abstineant.

208 2092 332 2160 Deinde
360 2094 416 2175 iis,
449 2094 502 2180 qui
532 2100 723 2180 potestatem
754 2093 889 2175 habent,
925 2093 1006 2158 haec
1035 2092 1208 2178 praecipit:
1231 2092 1325 2188 „Qui

205 2197 302 2266 babet
324 2208 516 2284 potestatem
539 2199 703 2286 (ἐξουσία)
726 2200 824 2286 gladii
841 2206 873 2266 et
887 2200 942 2285 qui
958 2198 1099 2284 fungitur
1122 2197 1326 2282 praefectura

203 2311 290 2375 urbis
314 2301 439 2394 (ἅρχων
463 2305 607 2394 πόλεως)
637 2330 780 2394 purpura
801 2309 933 2375 indutus
956 2305 1203 2392 (praetextatus)
1217 2307 1241 2390 ¹)
1270 2315 1326 2373 ant

204 2414 329 2481 abdicat
352 2424 408 2482 aut
432 2419 628 2504 rejiciaturr‘
674 2416 776 2503 Hujus
800 2415 970 2496 audaciae,
995 2435 1059 2498 qua
1081 2419 1188 2480 motus
1212 2413 1327 2480 author

206 2521 406 2590 Christianus
437 2525 621 2607 dignitatem
655 2524 827 2590 militarem
859 2526 900 2588 ab
924 2519 1171 2606 imperatoribus
1202 2543 1326 2588 summo

204 2628 309 2695 studio
331 2629 532 2712 honoratam,
557 2638 624 2698 tam
637 2631 845 2714 ignominiose
868 2628 1102 2714 proscribebat,
1127 2627 1270 2696 rationes
1292 2629 1325 2694 in

206 2735 346 2804 moribus
361 2729 588 2822 imperatorum
605 2745 813 2826 tyrannorum
832 2735 1031 2822 quaerendae
1047 2741 1130 2802 sunt.
1163 2735 1324 2819 Tempora
1347 2723 1350 2728 ’

207 2841 336 2910 llacrini
365 2853 397 2912 at
421 2845 621 2929 Heliogabali
651 2846 734 2911 hauc
763 2845 1006 2926 ignominiosam
1037 2841 1202 2908 christiani
1233 2841 1322 2927 Epis·

205 2953 273 3031 copi
298 2957 410 3017 contra
433 2952 550 3017 milites
574 2951 675 3035 legem
698 2950 869 3036 explicant.
917 2949 1019 3016 Erant
1050 2949 1133 3014 enim
1164 2947 1228 3016 illis
1251 2949 1324 3016 tris·

204 3055 332 3123 tissimis
354 3058 551 3143 temporibus
574 3058 690 3125 milites
706 3079 765 3143 pro
781 3056 997 3138 carnificibus,
1023 3055 1240 3138 mittebantur,
1261 3077 1323 3124 uon

205 3163 246 3227 ed
275 3161 392 3230 bellum
427 3165 518 3232 civile
550 3187 610 3251 pro
643 3167 890 3250 imperatoribus
926 3163 1159 3241 sustinendum,
1194 3165 1251 3231 sed
1282 3163 1323 3231 ad

203 3289 296 3335 necea
320 3273 503 3336 innumeras
527 3279 623 3356 atque
645 3271 779 3358 injustas
808 3271 922 3336 ciuium
946 3269 1154 3356 optimorum,
1186 3269 1324 3337 testibus

202 3374 288 3443 Julio
312 3375 493 3460 Capitolino
516 3379 653 3448 etAclio
670 3376 862 3464 Lampridio.
896 3375 946 3442 Ex
968 3375 1159 3462 turpissimis
1182 3378 1324 3445 moribus

203 3489 236 3548 et
271 3483 424 3550 institutis
468 3483 581 3574 horum
629 3488 857 3570 imperatorum
901 3504 940 3551 aa
977 3487 1072 3550 etiam
1118 3481 1325 3568 interpretari

202 3609 381 3672 possumus,
399 3610 480 3674 quae
497 3589 537 3657 de
554 3591 712 3658 bestiariis
725 3591 971 3658 etvenatoribus
986 3587 1132 3656 dicamur
1149 3589 1239 3672 (Can.
1258 3591 1322 3676 12).

203 3693 405 3781 Lampridius
428 3697 511 3762 enim
534 3717 592 3764 nos
616 3687 710 3766 docet
732 3697 816 3781 (21.)
849 3696 1089 3780 Heliogabalum
1121 3715 1217 3764 canes
1237 3700 1322 3784 jeco-

206 3803 292 3872 ribus
314 3825 460 3871 anserum
496 3805 631 3890 pavisse.
679 3805 820 3889 „Habuit
849 3803 957 3872 leones
985 3811 1017 3870 et
1042 3802 1210 3890 leopardos
1233 3823 1324 3872 exar-

207 3917 311 3977 matos
341 3912 373 3976 in
405 3910 543 3994 deliciis,
574 3933 656 3998 quos
687 3914 815 3980 edoctos
846 3931 905 3996 per
937 3911 1182 3992 mansuetarios,
1217 3909 1323 3981 subito

277 4263 302 4332 1)
320 4263 360 4322 Ol.
377 4261 534 4337 Lampridii
553 4263 670 4322 Severus
687 4280 712 4322 o.
730 4265 773 4322 to.
