3068 4758
1224 374 1264 440 tt

139 503 285 636 jejunent.
323 515 440 618 Mulier
463 553 572 617 autem
594 549 836 631 catechumena,
869 546 918 615 cui
947 547 1115 636 impuritas
1139 545 1263 630 accidit,

35 731 36 742 χ
142 657 194 724 illa
222 659 288 726 vice
317 677 382 723 non
412 655 605 742 baptizetur,
644 657 702 724 sed
730 655 772 724 ad
802 654 892 726 aliud
929 663 1055 740 tempus
1086 655 1264 746 differatur,

141 785 200 850 quc
222 780 303 850 pura
326 765 400 831 erit.

139 941 151 952 .
226 891 257 955 6.
290 887 352 954 Die
375 891 483 954 autem
507 885 635 956 sabbati
651 886 828 974 Episcopus
851 892 1003 955 convocet
1019 907 1085 970 eos,
1110 887 1163 972 qni
1184 889 1266 973 bap·

140 977 254 1063 tiaandi
277 1003 359 1078 sunt,
384 1001 417 1062 et
439 1001 609 1081 postquam
632 993 788 1077 genuflexi
821 995 864 1066 ad
887 995 1040 1063 orientem
1068 993 1165 1062 iacies
1190 1013 1264 1060 con·

141 1108 309 1185 verterunt,
333 1123 447 1170 manus
469 1123 566 1187 super
583 1124 640 1171 eos
662 1103 822 1189 expandat
845 1105 985 1172 recitans
1008 1101 1264 1188 (exorcismum),

141 1215 174 1276 ut
195 1207 370 1294 malignum
395 1207 550 1295 Spiritum
574 1207 615 1276 ab
639 1209 785 1276 omnibus
808 1210 958 1278 membris
981 1227 1089 1275 eorum
1113 1207 1263 1295 expellat.

142 1317 205 1402 Ipsi
229 1340 305 1386 vero
329 1323 470 1400 caveant,
494 1338 534 1384 ne
555 1316 673 1384 abhinc
696 1317 845 1404 operibus
867 1319 932 1386 suis
956 1318 999 1384 ad
1021 1317 1095 1384 illos
1120 1316 1266 1403 (spiritus

143 1423 310 1510 malignos)
334 1425 457 1492 actibus
480 1424 545 1492 suis
575 1431 786 1492 revertantur.
835 1429 1008 1511 Postquam
1034 1431 1140 1492 antem
1164 1423 1266 1490 finivit

141 1529 357 1618 adjurationes
389 1553 519 1615 eorurn,
552 1531 584 1598 in
608 1529 698 1599 laniis
730 1553 840 1600 eornm
866 1533 973 1601 sufflet
1004 1533 1171 1620 signetque
1194 1551 1266 1617 pec·

141 1645 213 1707 lora
243 1647 276 1706 et
305 1637 445 1723 frontes,
471 1661 573 1740 *aures
603 1645 636 1706 et
664 1659 723 1707 ora
754 1661 866 1708 eorum
895 1641 999 1725 (signo
1022 1640 1151 1724 crucis).
1198 1639 1264 1724 Ipsi
1399 1667 1403 1681 ,

142 1753 250 1814 autem
274 1746 519 1832 (catechumeni)
550 1746 607 1813 illa
629 1753 723 1813 nocte
753 1747 877 1831 vigilias
900 1755 999 1832 agant
1022 1749 1122 1815 sacris
1144 1768 1267 1814 sermo·

141 1854 233 1922 nibus
257 1859 288 1920 et
312 1853 509 1922 orationibus
533 1854 695 1938 occupati:

234 2001 265 2062 7.
300 1993 393 2062 Circa
415 1994 610 2080 gallicinium
634 2000 740 2063 autem
764 1993 940 2065 consistant
961 2016 1064 2082 prope
1088 1996 1189 2063 undas
1203 1996 1267 2081 pis·

142 2107 234 2173 cinae
256 2123 359 2191 aquae
380 2125 481 2189 purae
504 2104 724 2172 benedictione
749 2113 889 2190 paratae.
938 2103 1105 2190 (Potrici)
1130 2104 1183 2189 qui
1205 2123 1266 2191 pro

141 2212 250 2316 parvis
272 2211 305 2278 in
329 2210 467 2280 lontibus
497 2210 709 2298 respondent,
742 2219 860 2279 exuant
882 2233 938 2279 ecs
962 2212 1159 2280 vestimentis
1181 2211 1264 2295 suis3

142 2323 196 2408 qui
223 2327 329 2386 tomen
350 2321 417 2406 jam
440 2319 565 2402 valent,
597 2318 658 2404 ipsi
688 2319 748 2388 soli
778 2320 841 2386 hoc
870 2339 985 2405 genere
1014 2317 1267 2406 praeparationis

140 2428 344 2514 occupentur.
390 2427 541 2494 Mulieres
564 2434 670 2494 autem
694 2449 805 2495 omnes
828 2427 968 2496 habeant
995 2429 1075 2496 alias
1106 2427 1264 2496 foeminas

140 2535 293 2619 comites,
337 2555 419 2620 quae
452 2534 594 2602 restibus
636 2535 708 2601 illas
742 2543 870 2602 exuant.
917 2535 1066 2603 Mulieres
1103 2537 1265 2621 deponant

141 2651 332 2736 ornamenta
355 2651 387 2710 et
409 2662 507 2711 aurea
530 2650 562 2710 et
584 2651 720 2710 caetera.
769 2643 901 2711 Solrant
923 2645 1057 2711 crinium
1082 2644 1198 2726 nodos,
1223 2665 1263 2712 ne

140 2751 299 2819 cumillis
321 2751 492 2818 descendat
510 2751 542 2818 in
564 2769 681 2836 equam
705 2751 953 2834 regenerationis
976 2751 1147 2838 quidquam
1173 2772 1264 2836 pere·

139 2864 266 2946 grinum
292 2859 332 2927 de
355 2857 518 2944 spiritibus
540 2858 728 2943 peregrinis.

232 3009 263 3072 8.
298 3005 473 3090 Episcopus
497 3011 603 3072 autem
628 3011 698 3070 oret
721 3025 818 3089 super
838 3003 908 3071 cleo
932 3003 1100 3072 exorcismi
1121 3001 1265 3088 illudque

141 3115 252 3181 undat
274 3112 442 3181 sacerdoti.
484 3111 615 3178 Deinde
639 3119 708 3179 oret
740 3133 837 3198 super
867 3112 938 3180 oleo
962 3113 1120 3180 unctionis
1152 3111 1266 3195 (chris-

143 3220 264 3305 matis)
282 3220 367 3304 quod
384 3226 431 3288 est
448 3222 552 3288 oleum
569 3219 747 3304 gratiarum
771 3222 914 3302 actionis,
938 3219 1062 3306 hocque
1086 3219 1140 3286 alii
1161 3241 1264 3286 sacer·

143 3326 210 3396 doti
234 3330 352 3396 medat
400 3327 458 3394 Ille
480 3335 607 3410 antem,
640 3328 694 3414 qui
719 3327 824 3396 oleum
854 3329 1021 3395 exorcismi
1046 3333 1263 3408 manutenet,

143 3453 164 3500 a
187 3433 315 3500 sinistra
338 3433 490 3520 Episcopi
513 3441 583 3518 stat,
607 3435 662 3522 qni
686 3443 792 3504 autern
824 3435 1006 3504 chrismatis
1039 3435 1144 3504 oleum
1167 3441 1264 3516 tenet,

31 3575 32 3580 ¹
143 3547 207 3608 stet
230 3567 249 3610 a
272 3542 385 3611 dextra
408 3543 568 3630 Episcopi.

235 3672 264 3736 9.
301 3667 362 3749 Qui
385 3674 492 3736 nutem
517 3667 681 3752 intingitur
705 3667 990 3753 (catechumenus)
1014 3667 1095 3738 facie
1118 3669 1160 3736 ad
1184 3669 1267 3738 occi·

145 3771 274 3842 dantem
309 3796 402 3842 versa
441 3775 527 3843 dicat
560 3776 624 3844 ite:
668 3775 868 3844 Abrenuncio
903 3775 965 3846 tibi
996 3776 1158 3846 osanna
1192 3798 1264 3844 cum

146 3881 232 3948 omni
261 3903 381 3968 pompa
412 3889 477 3950 tua
524 3882 588 3950 Ubi
618 3889 724 3950 autam
755 3882 833 3950 haec
865 3882 963 3966 dixit,
996 3881 1146 3952 sacerdos
1170 3890 1267 3970 ungat

147 4007 218 4056 eum
243 3989 315 4058 cleo
337 3988 504 4058 exorcismi
528 4010 623 4075 super
646 4011 709 4076 quc
731 3991 819 4076 prius
843 3997 1000 4074 oraverat,
1024 3997 1060 4061 ut
1075 3991 1204 4060 recedat
1224 3995 1265 4060 ab

31 4091 32 4120 ¹
148 4116 188 4164 eo
210 4097 340 4184 spiritus
363 4096 530 4184 malignos.
569 4097 693 4166 Deinde
716 4095 882 4182 sacerdoti,
906 4097 962 4184 qni
977 4119 1072 4186 super
1091 4119 1175 4188 aqua
1190 4104 1264 4182 stat,
