3068 4758
1155 487 1215 549 103

99 661 253 728 idolorum
292 661 396 728 adhuc
432 667 643 741 servatorum,
687 659 808 726 cuilibit
841 664 984 744 apparet.
1030 658 1218 727 Ohmstianis

99 787 189 854 simili
223 786 319 852 modo
349 792 386 852 ut
415 785 545 852 ludaeis
578 783 774 868 (Misohnah,
807 764 1058 851 anodah'sarah
1090 807 1116 850 e.
1141 785 1215 872 111.)

99 912 187 980 nolas
221 919 307 994 orat,
335 910 422 978 idola
446 911 606 992 effingere.
657 909 838 976 Didascalia
874 919 956 995 copt.
993 916 1038 994 (p.
1064 913 1121 990 46)
1154 933 1216 978 non

97 1035 214 1118 fabros,
239 1037 292 1122 qni
317 1037 406 1104 idola
430 1035 625 1120 effingerent,
651 1036 706 1101 sed
730 1034 914 1102 sacerdotes
937 1033 1067 1100 deorum
1093 1056 1113 1101 a
1136 1039 1213 1121 bap·

96 1163 189 1230 lismo
219 1169 316 1229 ornet.
350 1197 389 1210 -·
427 1163 529 1228 Simili
561 1163 657 1230 modo
691 1149 880 1228 Clementis'
897 1161 977 1227 libor
1000 1161 1042 1227 11.
1074 1162 1217 1248 syriacus

97 1286 142 1370 (p.
163 1287 216 1370 16)
249 1287 430 1354 sacerdotes
461 1286 619 1352 idolorum
645 1286 827 1370 proscribit.
874 1284 988 1352 Sextus
1016 1293 1122 1352 autem
1148 1287 1216 1354 Cle·

96 1415 210 1478 mentis
244 1413 324 1478 liter
358 1411 500 1496 syriacus
533 1410 579 1495 (p.
606 1415 648 1476 30
679 1408 776 1494 inira)
813 1410 907 1475 etiam
946 1409 1083 1476 artifices
1118 1415 1213 1475 arcet.

95 1535 283 1602 Sacerdotes
306 1536 464 1603 idolorum
489 1557 610 1602 canone
633 1535 775 1621 sequenti
801 1538 1054 1619 proscribuntur.

184 1730 272 1798 Xll.
309 1735 380 1800 lam
403 1734 434 1798 in
459 1733 693 1816 prolegomenis
716 1732 945 1812 annotavimus,
969 1752 1039 1796 oum
1061 1731 1123 1799 hoo
1145 1731 1214 1798 loco

94 1864 126 1924 et
142 1859 391 1926 constitutiones
416 1858 641 1944 Apostolorum
663 1865 695 1921 et
710 1856 835 1940 syriaca
857 1856 1035 1938 fragmenta
1060 1857 1213 1923 librorum

93 1985 125 2052 S.
144 1969 312 2049 Clementis
341 1989 371 2047 et
395 1981 607 2046 Didascalianr
639 2001 825 2045 consonare.
872 1978 1017 2044 Diataxis
1049 1979 1214 2065 Hippolyti

94 2133 194 2195 paene
210 2110 322 2175 eadem
335 2113 432 2174 verba
449 2107 585 2196 exhibet,
599 2129 680 2191 quae
693 2105 724 2170 in
738 2105 1021 2171 Constitutionibus
1038 2105 1181 2188 legimus.
1190 2106 1213 2190 ¹)

164 2410 191 2479 l)
210 2409 263 2464 Ed.
282 2409 313 2464 P.
333 2409 364 2464 Α.
392 2409 427 2466 de
445 2409 575 2482 hogarde
620 2408 738 2480 Lipsiae
777 2407 1007 2464 Teubner-1862.
1039 2407 1125 2463 Liber
1141 2406 1215 2462 Vlll.

94 2517 151 2570 cap.
172 2504 214 2555 31.
242 2519 270 2571 p.
289 2499 365 2567 268.)

161 2605 343 2668 Εέδωλοποιός
361 2603 482 2680 προσιων
499 2605 513 2672 ἢ
532 2603 689 2659 παυσάσθω
707 2603 721 2672 ἢ
739 2602 946 2674 α’ποραλλέσθω.
977 2605 1038 2658 Τῶν
1055 2605 1101 2658 έπλ
1120 2607 1215 2672 σκηνῆς
1314 2641 1319 2650 ·

90 2693 140 2750 έόν
157 2715 197 2758 τις
221 2702 318 2772 προσίῃ
341 2692 409 2768 α’νῆρ
434 2694 537 2764 ἢγονῆ
557 2694 571 2760 ἢ
591 2691 701 2764 ἡνίοχος
723 2692 738 2759 ἢ
757 2691 920 2764 μονομάχος
942 2693 957 2760 ἢ
976 2692 1180 2764 σταδιοδρόμος
1198 2693 1213 2762 ἢ

89 2783 287 2857 λοοδεμπιστὴς
309 2785 324 2852 ἢ
343 2781 489 2855 όλομπικός
517 2783 532 2850 ἢ
551 2781 687 2856 χοραόλης
708 2781 722 2848 ἢ
740 2779 899 2856 κιθαριστής
923 2781 937 2848 ἢ
960 2780 1083 2856 λοριστιίς
1100 2781 1115 2848 ἢ
1134 2780 1149 2834 ό
1166 2782 1214 2848 τῆν
1251 2833 1254 2840 ,

90 2875 206 2948 ὄρχησιν
230 2872 454 2945 ἐπιδεικνύμενος
475 2871 630 2940 ἢκόπηλος,
654 2871 668 2938 ἢ
688 2867 902 2926 παυσάσθωσαν
919 2871 934 2938 ἢ
953 2868 1213 2948 α’ποραλλέσθωσαν.

89 2963 258 3038 Στρατιῶτης
275 2963 397 3038 προσιιόν
416 2963 595 3018 διδασκέσθω
612 2961 650 3035 μὴ
669 2958 784 3032 α’δικεῐν,
802 2961 841 3036 μή
856 2970 1048 3034 συκοφαντεῖν,
1066 2958 1215 3035 ἀρκεῖσθαι

90 3055 122 3108 δὲ
140 3061 197 3115 τοῖς
216 3053 375 3126 διδομένοις
397 3050 533 3120 ὀψωνίοις·
560 3051 755 3126 *πειθόμενοβ
781 3052 994 3128 προσδεχέσθω,
1012 3048 1162 3122 ἀντιλέγων
1180 3053 1214 3106 δέ

89 3139 286 3213 όποβαλλέσθω
319 3139 511 3218 Ἀῤῥῃοποιός,
529 3144 659 3210 κίναιδος,
676 3143 753 3216 βλόξ,
771 3143 872 3216 μάγος,
891 3140 1020 3204 ἐπαοιδός
1039 3137 1213 3216 α’στρολόγος,

87 3231 202 3304 μόντις,
226 3232 397 3307 θηρεπωδός,
422 3233 521 3299 λῶταξ,
548 3230 720 3306 όχλαγωγός,
739 3231 919 3308 περιάμματα
938 3233 1031 3298 ποιῶν,
1051 3237 1215 3306 περικαθαέ-

88 3328 152 3396 ρων,
180 3319 330 3387 οἰωνιστῆς.
362 3321 601 3394 supputatam,
631 3321 747 3393 παλμῶν
777 3319 921 3396 έρμηνεός,
956 3320 1161 3394 φυλαττόμενος
1183 3320 1213 3376 έν

89 3409 250 3476 συναντήσει
270 3408 359 3480 λιόρας
386 3411 478 3478 ὄψεων
501 3411 516 3478 ἢ
535 3411 631 3465 ποδῶν
653 3411 667 3478 ἢ
686 3407 808 3484 ὀρνίθων
830 3410 845 3478 ἢ
867 3410 961 3482 γαλῶν
983 3410 998 3478 ἢ
1017 3409 1213 3482 έπιφωνῆσεων

88 3499 355 3574 ἢπαρακροαμότων
373 3501 552 3574 σομβολικῶν,
571 3499 665 3576 χρόνῳ
683 3501 938 3573 δοκιμαζέσθωσαν·
963 3501 1140 3564 δωσέκνιπτος
1157 3499 1213 3574 γδρ

88 3589 201 3656 ἡκακία·
221 3587 393 3660 παυσάμενοι
411 3580 460 3645 οὖν
478 3590 745 3663 προσδεχέσθωσαν,
764 3589 802 3662 μῆ
820 3587 982 3662 πειθόμενοι
995 3589 1027 3645 δέ
1046 3585 1215 3661 α’ποβαλλέσ-

90 3685 194 3734 θωσαν.
232 3709 622 3722 ------

159 3772 351 3840 Θεατρομανέρ
366 3772 394 3823 εἴ
410 3790 448 3831 τις
466 3769 634 3844 πρόσκειται,
653 3769 817 3840 ἢκυνηγέοις
835 3769 849 3836 ἢ
862 3769 1055 3844 ἱπποδρομίαις
1072 3766 1211 3842 ἢόγῶσικ,

87 3857 102 3922 ἢ
121 3853 277 3911 παπσόσθω
295 3855 310 3922 ἢ
329 3851 533 3926 σ’ποραλλέσθω.
564 3854 587 3908 '⁰
604 3857 711 3928 μέλλων
728 3863 913 3928 κατηχεῖσθαι
927 3863 988 3932 τρία
1006 3858 1051 3924 έτη
1068 3863 1213 3930 κατερείσ-

88 3953 140 4000 θω·
172 3949 200 4000 εἰ
216 3945 249 3999 δὲ
271 3945 423 4008 σπουδαῖός
446 3965 485 4008 τις
502 3934 521 4018 ᾖ
537 3949 584 4000 καλ
607 3946 715 4002 εόνοιαν
737 3949 789 4018 ἔχῃ
812 3951 876 4020 περλ
898 3947 928 4002 τό
950 3947 1068 4020 πρᾶγμα
1091 3947 1212 4019 προσδε-

88 4037 195 4106 χέσθω·
220 4033 261 4088 ὅτι
278 4029 327 4088 οόκ
345 4032 360 4086 ό
377 4033 492 4110 χρόνος,
515 4032 572 4088 ἄλλ’
591 4034 605 4088 ό
622 4035 722 4112 τρόπος
742 4043 871 4111 κρίνεται.
907 4035 929 4090 ’0
949 4035 1092 4090 διδάσκων
1116 4039 1143 4090 εἰ
1164 4039 1212 4091 καλ

87 4124 176 4186 λαικός
193 4113 223 4198 ᾖ,
251 4124 380 4198 έμπειρος
401 4125 435 4178 δὲ
459 4123 505 4178 τοῦ
528 4121 612 4194 λόγου
638 4129 684 4180 καλ
709 4124 755 4180 τόν
780 4125 881 4200 τρόπον
903 4124 1016 4198 σεμνός,
1047 4123 1209 4180 διδασκέτω·

88 4213 197 4270 έσονται
215 4211 271 4290 γόρ
289 4212 390 4276 πάντες
407 4213 535 4268 διδακτσλ
552 4211 628 4270 θεοῦ.
