<?xml version="1.0" encoding="UTF-8"?>
<!DOCTYPE html PUBLIC "-//W3C//DTD XHTML 1.0 Transitional//EN"
    "http://www.w3.org/TR/xhtml1/DTD/xhtml1-transitional.dtd">
<html xmlns="http://www.w3.org/1999/xhtml" xml:lang="en" lang="en">
 <head>
  <title>
</title>
<meta http-equiv="Content-Type" content="text/html;charset=utf-8" />
  <meta name='ocr-system' content='tesseract 3.04.00' />
  <meta name='ocr-capabilities' content='ocr_page ocr_carea ocr_par ocr_line ocrx_word'/>
</head>
<body>
  <div class='ocr_page' id='page_1' title='image "./canonesshippoly00hanegoog_0098.png"; bbox 0 0 3068 4758; ppageno 0'>
   <div class='ocr_carea' id='block_1_1' title="bbox 1035 411 1319 474">
    <p class='ocr_par' dir='ltr' id='par_1_1' title="bbox 1035 411 1319 474">
     <span class='ocr_line' id='line_1_1' title="bbox 1035 411 1319 474; baseline -0.021 0"><span class='ocrx_word' id='word_1_1' title='bbox 1035 411 1319 474; x_wconf 83' lang='lat' dir='ltr'>·al.</span> 
     </span>
    </p>
   </div>
   <div class='ocr_carea' id='block_1_2' title="bbox 29 577 1287 1529">
    <p class='ocr_par' dir='ltr' id='par_1_2' title="bbox 29 577 1287 1529">
     <span class='ocr_line' id='line_1_2' title="bbox 190 577 1221 668; baseline 0.004 -22"><span class='ocrx_word' id='word_1_2' title='bbox 190 577 224 646; x_wconf 83' lang='lat' dir='ltr'>Si</span> <span class='ocrx_word' id='word_1_3' title='bbox 258 583 327 668; x_wconf 89' lang='lat' dir='ltr'>quis</span> <span class='ocrx_word' id='word_1_4' title='bbox 362 587 469 650; x_wconf 90' lang='lat' dir='ltr'>autem</span> <span class='ocrx_word' id='word_1_5' title='bbox 501 604 527 649; x_wconf 90' lang='lat' dir='ltr'>s.</span> <span class='ocrx_word' id='word_1_6' title='bbox 559 582 813 650; x_wconf 88' lang='lat' dir='ltr'>communionem</span> <span class='ocrx_word' id='word_1_7' title='bbox 849 603 978 650; x_wconf 87' lang='lat' dir='ltr'>sumere</span> <span class='ocrx_word' id='word_1_8' title='bbox 1013 582 1077 667; x_wconf 80' lang='lat' dir='ltr'>(pr.</span> <span class='ocrx_word' id='word_1_9' title='bbox 1100 580 1221 667; x_wconf 70' lang='lat' dir='ltr'>meere)</span> 
     </span>
     <span class='ocr_line' id='line_1_3' title="bbox 100 690 1221 778; baseline 0.002 -20"><span class='ocrx_word' id='word_1_10' title='bbox 100 691 249 773; x_wconf 73' lang='lat' dir='ltr'><strong>intendit,</strong></span> <span class='ocrx_word' id='word_1_11' title='bbox 282 713 345 776; x_wconf 90' lang='lat' dir='ltr'>qno</span> <span class='ocrx_word' id='word_1_12' title='bbox 368 698 512 778; x_wconf 88' lang='lat' dir='ltr'>tempore</span> <span class='ocrx_word' id='word_1_13' title='bbox 535 691 686 760; x_wconf 79' lang='lat' dir='ltr'>sacerdos</span> <span class='ocrx_word' id='word_1_14' title='bbox 713 693 747 760; x_wconf 92' lang='lat' dir='ltr'>in</span> <span class='ocrx_word' id='word_1_15' title='bbox 771 692 904 760; x_wconf 89' lang='lat' dir='ltr'>ecelesia</span> <span class='ocrx_word' id='word_1_16' title='bbox 925 715 990 760; x_wconf 92' lang='lat' dir='ltr'>non</span> <span class='ocrx_word' id='word_1_17' title='bbox 1012 691 1122 776; x_wconf 88' lang='lat' dir='ltr'>adest,</span> <span class='ocrx_word' id='word_1_18' title='bbox 1154 690 1221 760; x_wconf 83' lang='lat' dir='ltr'>dia·</span> 
     </span>
     <span class='ocr_line' id='line_1_4' title="bbox 101 799 1225 886; baseline -0.001 -21"><span class='ocrx_word' id='word_1_19' title='bbox 101 819 198 865; x_wconf 91' lang='lat' dir='ltr'>onnus</span> <span class='ocrx_word' id='word_1_20' title='bbox 222 799 291 866; x_wconf 93' lang='lat' dir='ltr'>loco</span> <span class='ocrx_word' id='word_1_21' title='bbox 316 801 384 886; x_wconf 90' lang='lat' dir='ltr'>ejus</span> <span class='ocrx_word' id='word_1_22' title='bbox 408 799 560 884; x_wconf 83' lang='lat' dir='ltr'>iungatur</span> <span class='ocrx_word' id='word_1_23' title='bbox 581 799 613 869; x_wconf 91' lang='lat' dir='ltr'>iu</span> <span class='ocrx_word' id='word_1_24' title='bbox 637 801 784 868; x_wconf 88' lang='lat' dir='ltr'>omuibus</span> <span class='ocrx_word' id='word_1_25' title='bbox 808 805 918 882; x_wconf 91' lang='lat' dir='ltr'>rebus,</span> <span class='ocrx_word' id='word_1_26' title='bbox 943 821 1014 866; x_wconf 93' lang='lat' dir='ltr'>cnm</span> <span class='ocrx_word' id='word_1_27' title='bbox 1039 799 1225 884; x_wconf 80' lang='lat' dir='ltr'>exceptione</span> 
     </span>
     <span class='ocr_line' id='line_1_5' title="bbox 100 905 1287 990; baseline 0.001 -16"><span class='ocrx_word' id='word_1_28' title='bbox 100 906 197 974; x_wconf 90' lang='lat' dir='ltr'>solius</span> <span class='ocrx_word' id='word_1_29' title='bbox 222 906 391 976; x_wconf 86' lang='lat' dir='ltr'>oblationis</span> <span class='ocrx_word' id='word_1_30' title='bbox 413 909 558 975; x_wconf 88' lang='lat' dir='ltr'>sacrificii</span> <span class='ocrx_word' id='word_1_31' title='bbox 582 909 696 990; x_wconf 79' lang='lat' dir='ltr'>magni,</span> <span class='ocrx_word' id='word_1_32' title='bbox 720 916 753 977; x_wconf 92' lang='lat' dir='ltr'>et</span> <span class='ocrx_word' id='word_1_33' title='bbox 776 907 940 975; x_wconf 86' lang='lat' dir='ltr'>orationis.</span> <span class='ocrx_word' id='word_1_34' title='bbox 972 907 1006 975; x_wconf 85' lang='lat' dir='ltr'>Si</span> <span class='ocrx_word' id='word_1_35' title='bbox 1022 905 1224 973; x_wconf 84' lang='lat' dir='ltr'><strong>distribuitur</strong></span> <span class='ocrx_word' id='word_1_36' title='bbox 1280 963 1287 975; x_wconf 62' lang='lat'><em>„</em></span> 
     </span>
     <span class='ocr_line' id='line_1_6' title="bbox 29 1012 1221 1101; baseline -0.001 -19"><span class='ocrx_word' id='word_1_37' title='bbox 29 1055 30 1064; x_wconf 27' lang='grc' dir='ltr'><strong>κ</strong></span> <span class='ocrx_word' id='word_1_38' title='bbox 101 1015 297 1097; x_wconf 89' lang='lat' dir='ltr'>communio,</span> <span class='ocrx_word' id='word_1_39' title='bbox 333 1015 545 1082; x_wconf 86' lang='lat' dir='ltr'>distribuatur</span> <span class='ocrx_word' id='word_1_40' title='bbox 580 1012 678 1080; x_wconf 80' lang='lat' dir='ltr'>etiam</span> <span class='ocrx_word' id='word_1_41' title='bbox 709 1013 908 1100; x_wconf 79' lang='lat' dir='ltr'>eleemosyna</span> <span class='ocrx_word' id='word_1_42' title='bbox 930 1035 989 1101; x_wconf 90' lang='lat' dir='ltr'>pro</span> <span class='ocrx_word' id='word_1_43' title='bbox 1020 1013 1221 1100; x_wconf 79' lang='lat' dir='ltr'>pauperibus,</span> 
     </span>
     <span class='ocr_line' id='line_1_7' title="bbox 99 1121 1224 1207; baseline 0.001 -19"><span class='ocrx_word' id='word_1_44' title='bbox 99 1121 178 1188; x_wconf 89' lang='lat' dir='ltr'>haec</span> <span class='ocrx_word' id='word_1_45' title='bbox 211 1128 315 1188; x_wconf 89' lang='lat' dir='ltr'>autem</span> <span class='ocrx_word' id='word_1_46' title='bbox 353 1121 559 1206; x_wconf 87' lang='lat' dir='ltr'>dispertiatur</span> <span class='ocrx_word' id='word_1_47' title='bbox 592 1121 785 1207; x_wconf 84' lang='lat' dir='ltr'>pauperibus</span> <span class='ocrx_word' id='word_1_48' title='bbox 820 1129 894 1188; x_wconf 91' lang='lat' dir='ltr'>ante</span> <span class='ocrx_word' id='word_1_49' title='bbox 928 1141 1073 1188; x_wconf 90' lang='lat' dir='ltr'>occasum</span> <span class='ocrx_word' id='word_1_50' title='bbox 1105 1121 1224 1189; x_wconf 88' lang='lat' dir='ltr'>solisa</span> 
     </span>
     <span class='ocr_line' id='line_1_8' title="bbox 101 1227 1227 1317; baseline 0.002 -21"><span class='ocrx_word' id='word_1_51' title='bbox 101 1229 235 1317; x_wconf 87' lang='lat' dir='ltr'>populo;</span> <span class='ocrx_word' id='word_1_52' title='bbox 259 1229 285 1296; x_wconf 90' lang='lat' dir='ltr'>si</span> <span class='ocrx_word' id='word_1_53' title='bbox 301 1229 433 1314; x_wconf 92' lang='lat' dir='ltr'>quidde</span> <span class='ocrx_word' id='word_1_54' title='bbox 449 1227 628 1295; x_wconf 89' lang='lat' dir='ltr'>necessario</span> <span class='ocrx_word' id='word_1_55' title='bbox 643 1229 798 1312; x_wconf 89' lang='lat' dir='ltr'>reliquum</span> <span class='ocrx_word' id='word_1_56' title='bbox 816 1235 874 1309; x_wconf 92' lang='lat' dir='ltr'>est,</span> <span class='ocrx_word' id='word_1_57' title='bbox 899 1227 1108 1296; x_wconf 85' lang='lat' dir='ltr'>distribuatur</span> <span class='ocrx_word' id='word_1_58' title='bbox 1123 1227 1227 1298; x_wconf 90' lang='lat' dir='ltr'>altera</span> 
     </span>
     <span class='ocr_line' id='line_1_9' title="bbox 101 1325 1225 1421; baseline -0.002 -18"><span class='ocrx_word' id='word_1_59' title='bbox 101 1337 169 1418; x_wconf 89' lang='lat' dir='ltr'>die;</span> <span class='ocrx_word' id='word_1_60' title='bbox 194 1342 227 1402; x_wconf 89' lang='lat' dir='ltr'>et</span> <span class='ocrx_word' id='word_1_61' title='bbox 249 1337 276 1404; x_wconf 91' lang='lat' dir='ltr'>si</span> <span class='ocrx_word' id='word_1_62' title='bbox 298 1325 421 1402; x_wconf 73' lang='lat' dir='ltr'>iterum&#39;</span> <span class='ocrx_word' id='word_1_63' title='bbox 437 1334 513 1421; x_wconf 87' lang='lat' dir='ltr'>quid</span> <span class='ocrx_word' id='word_1_64' title='bbox 537 1341 654 1416; x_wconf 89' lang='lat' dir='ltr'>restat,</span> <span class='ocrx_word' id='word_1_65' title='bbox 677 1336 776 1402; x_wconf 87' lang='lat' dir='ltr'>tertia</span> <span class='ocrx_word' id='word_1_66' title='bbox 798 1338 859 1402; x_wconf 91' lang='lat' dir='ltr'>die.</span> <span class='ocrx_word' id='word_1_67' title='bbox 910 1334 960 1401; x_wconf 78' lang='lat' dir='ltr'>Ab</span> <span class='ocrx_word' id='word_1_68' title='bbox 984 1357 1022 1402; x_wconf 90' lang='lat' dir='ltr'>ec</span> <span class='ocrx_word' id='word_1_69' title='bbox 1046 1341 1165 1417; x_wconf 90' lang='lat' dir='ltr'>antem,</span> <span class='ocrx_word' id='word_1_70' title='bbox 1191 1337 1225 1402; x_wconf 92' lang='lat' dir='ltr'>in</span> 
     </span>
     <span class='ocr_line' id='line_1_10' title="bbox 100 1439 1223 1529; baseline -0.002 -19"><span class='ocrx_word' id='word_1_71' title='bbox 100 1447 191 1529; x_wconf 86' lang='lat' dir='ltr'>cujus</span> <span class='ocrx_word' id='word_1_72' title='bbox 205 1443 302 1512; x_wconf 90' lang='lat' dir='ltr'>domo</span> <span class='ocrx_word' id='word_1_73' title='bbox 327 1439 542 1528; x_wconf 82' lang='lat' dir='ltr'>(eleemosyna</span> <span class='ocrx_word' id='word_1_74' title='bbox 557 1441 769 1524; x_wconf 81' lang='lat' dir='ltr'>distribuitur,</span> <span class='ocrx_word' id='word_1_75' title='bbox 794 1448 826 1509; x_wconf 91' lang='lat' dir='ltr'>et</span> <span class='ocrx_word' id='word_1_76' title='bbox 840 1441 1012 1529; x_wconf 88' lang='lat' dir='ltr'>reliquum)</span> <span class='ocrx_word' id='word_1_77' title='bbox 1029 1449 1223 1525; x_wconf 82' lang='lat' dir='ltr'>asservatur,</span> 
     </span>
    </p>
   </div>
   <div class='ocr_carea' id='block_1_3' title="bbox 101 1549 1367 1634">
    <p class='ocr_par' dir='ltr' id='par_1_3' title="bbox 101 1549 1367 1634">
     <span class='ocr_line' id='line_1_11' title="bbox 101 1549 1367 1634; baseline -0.003 -16"><span class='ocrx_word' id='word_1_78' title='bbox 101 1551 179 1618; x_wconf 92' lang='lat' dir='ltr'>nihil</span> <span class='ocrx_word' id='word_1_79' title='bbox 212 1549 268 1634; x_wconf 90' lang='lat' dir='ltr'>(ad</span> <span class='ocrx_word' id='word_1_80' title='bbox 290 1549 581 1634; x_wconf 88' lang='lat' dir='ltr'>compensationem</span> <span class='ocrx_word' id='word_1_81' title='bbox 614 1549 749 1632; x_wconf 84' lang='lat' dir='ltr'>laboris)</span> <span class='ocrx_word' id='word_1_82' title='bbox 780 1556 983 1634; x_wconf 88' lang='lat' dir='ltr'>computetur</span> <span class='ocrx_word' id='word_1_83' title='bbox 1006 1571 1045 1616; x_wconf 90' lang='lat' dir='ltr'>ex</span> <span class='ocrx_word' id='word_1_84' title='bbox 1067 1549 1106 1614; x_wconf 91' lang='lat' dir='ltr'>iis</span> <span class='ocrx_word' id='word_1_85' title='bbox 1128 1553 1225 1615; x_wconf 89' lang='lat' dir='ltr'>rebus</span> <span class='ocrx_word' id='word_1_86' title='bbox 1361 1571 1367 1584; x_wconf 94' lang='lat'><strong>·</strong></span> 
     </span>
    </p>
   </div>
   <div class='ocr_carea' id='block_1_4' title="bbox 76 1657 1226 3030">
    <p class='ocr_par' dir='ltr' id='par_1_4' title="bbox 102 1657 1226 2064">
     <span class='ocr_line' id='line_1_12' title="bbox 102 1657 1226 1742; baseline -0.001 -18"><span class='ocrx_word' id='word_1_87' title='bbox 102 1658 198 1742; x_wconf 87' lang='lat' dir='ltr'>(qnae</span> <span class='ocrx_word' id='word_1_88' title='bbox 221 1657 360 1725; x_wconf 81' lang='lat' dir='ltr'>traditae</span> <span class='ocrx_word' id='word_1_89' title='bbox 381 1661 455 1724; x_wconf 91' lang='lat' dir='ltr'>sunt</span> <span class='ocrx_word' id='word_1_90' title='bbox 486 1679 546 1740; x_wconf 89' lang='lat' dir='ltr'>pro</span> <span class='ocrx_word' id='word_1_91' title='bbox 568 1657 813 1741; x_wconf 63' lang='lat' dir='ltr'>pauperibus);v</span> <span class='ocrx_word' id='word_1_92' title='bbox 832 1657 901 1724; x_wconf 90' lang='lat' dir='ltr'>sola</span> <span class='ocrx_word' id='word_1_93' title='bbox 930 1657 1148 1726; x_wconf 83' lang='lat' dir='ltr'>misericordia</span> <span class='ocrx_word' id='word_1_94' title='bbox 1171 1677 1226 1723; x_wconf 90' lang='lat' dir='ltr'>ea·</span> 
     </span>
     <span class='ocr_line' id='line_1_13' title="bbox 102 1763 1224 1850; baseline -0.001 -19"><span class='ocrx_word' id='word_1_95' title='bbox 102 1787 162 1850; x_wconf 90' lang='lat' dir='ltr'>que</span> <span class='ocrx_word' id='word_1_96' title='bbox 186 1769 258 1830; x_wconf 90' lang='lat' dir='ltr'>tota</span> <span class='ocrx_word' id='word_1_97' title='bbox 280 1763 395 1830; x_wconf 87' lang='lat' dir='ltr'>afferat</span> <span class='ocrx_word' id='word_1_98' title='bbox 410 1763 448 1844; x_wconf 93' lang='lat' dir='ltr'>ei,</span> <span class='ocrx_word' id='word_1_99' title='bbox 473 1764 529 1846; x_wconf 93' lang='lat' dir='ltr'>qni</span> <span class='ocrx_word' id='word_1_100' title='bbox 545 1785 613 1830; x_wconf 89' lang='lat' dir='ltr'>eam</span> <span class='ocrx_word' id='word_1_101' title='bbox 629 1763 767 1846; x_wconf 85' lang='lat' dir='ltr'>exhibet,</span> <span class='ocrx_word' id='word_1_102' title='bbox 792 1771 1009 1848; x_wconf 88' lang='lat' dir='ltr'>computatam</span> <span class='ocrx_word' id='word_1_103' title='bbox 1033 1764 1224 1832; x_wconf 87' lang='lat' dir='ltr'>mercedem.</span> 
     </span>
     <span class='ocr_line' id='line_1_14' title="bbox 103 1869 1224 1957; baseline 0.002 -20"><span class='ocrx_word' id='word_1_104' title='bbox 103 1873 161 1951; x_wconf 88' lang='lat' dir='ltr'>Qui</span> <span class='ocrx_word' id='word_1_105' title='bbox 185 1871 356 1953; x_wconf 77' lang='lat' dir='ltr'>distribuit,</span> <span class='ocrx_word' id='word_1_106' title='bbox 381 1869 458 1936; x_wconf 91' lang='lat' dir='ltr'>nihil</span> <span class='ocrx_word' id='word_1_107' title='bbox 482 1871 584 1953; x_wconf 89' lang='lat' dir='ltr'>(inde)</span> <span class='ocrx_word' id='word_1_108' title='bbox 607 1871 759 1954; x_wconf 89' lang='lat' dir='ltr'>obtineat,</span> <span class='ocrx_word' id='word_1_109' title='bbox 783 1871 912 1956; x_wconf 88' lang='lat' dir='ltr'>quando</span> <span class='ocrx_word' id='word_1_110' title='bbox 934 1873 1025 1957; x_wconf 90' lang='lat' dir='ltr'>panis</span> <span class='ocrx_word' id='word_1_111' title='bbox 1048 1893 1224 1957; x_wconf 83' lang='lat' dir='ltr'>pauperum</span> 
     </span>
     <span class='ocr_line' id='line_1_15' title="bbox 103 1978 1016 2064; baseline 0 -18"><span class='ocrx_word' id='word_1_112' title='bbox 103 1979 219 2046; x_wconf 77' lang='lat' dir='ltr'>denus</span> <span class='ocrx_word' id='word_1_113' title='bbox 242 1985 385 2044; x_wconf 88' lang='lat' dir='ltr'>moratur</span> <span class='ocrx_word' id='word_1_114' title='bbox 408 1981 440 2044; x_wconf 90' lang='lat' dir='ltr'>in</span> <span class='ocrx_word' id='word_1_115' title='bbox 464 1979 560 2044; x_wconf 91' lang='lat' dir='ltr'>domo</span> <span class='ocrx_word' id='word_1_116' title='bbox 585 1980 653 2064; x_wconf 90' lang='lat' dir='ltr'>ejus</span> <span class='ocrx_word' id='word_1_117' title='bbox 676 1999 734 2063; x_wconf 91' lang='lat' dir='ltr'>per</span> <span class='ocrx_word' id='word_1_118' title='bbox 756 1978 989 2061; x_wconf 79' lang='lat' dir='ltr'>negligentiam.</span> <span class='ocrx_word' id='word_1_119' title='bbox 1010 2021 1016 2032; x_wconf 77' lang='lat'><em>=</em></span> 
     </span>
    </p>

    <p class='ocr_par' dir='ltr' id='par_1_5' title="bbox 76 2085 1226 2704">
     <span class='ocr_line' id='line_1_16' title="bbox 191 2085 1221 2172; baseline 0 -20"><span class='ocrx_word' id='word_1_120' title='bbox 191 2085 225 2153; x_wconf 86' lang='lat' dir='ltr'>Si</span> <span class='ocrx_word' id='word_1_121' title='bbox 248 2086 358 2170; x_wconf 80' lang='lat' dir='ltr'>dgape</span> <span class='ocrx_word' id='word_1_122' title='bbox 381 2087 427 2168; x_wconf 89' lang='lat' dir='ltr'>tit,</span> <span class='ocrx_word' id='word_1_123' title='bbox 460 2085 513 2152; x_wconf 83' lang='lat' dir='ltr'>sel</span> <span class='ocrx_word' id='word_1_124' title='bbox 535 2107 635 2154; x_wconf 89' lang='lat' dir='ltr'>coena</span> <span class='ocrx_word' id='word_1_125' title='bbox 658 2090 699 2153; x_wconf 91' lang='lat' dir='ltr'>ab</span> <span class='ocrx_word' id='word_1_126' title='bbox 722 2085 829 2169; x_wconf 91' lang='lat' dir='ltr'>aliquo</span> <span class='ocrx_word' id='word_1_127' title='bbox 861 2087 1055 2172; x_wconf 88' lang='lat' dir='ltr'>pauperibus</span> <span class='ocrx_word' id='word_1_128' title='bbox 1078 2090 1221 2171; x_wconf 87' lang='lat' dir='ltr'>paratur,</span> 
     </span>
     <span class='ocr_line' id='line_1_17' title="bbox 76 2191 1225 2278; baseline 0.004 -23"><span class='ocrx_word' id='word_1_129' title='bbox 76 2247 81 2255; x_wconf 93' lang='lat'>.</span> <span class='ocrx_word' id='word_1_130' title='bbox 104 2193 152 2259; x_wconf 91' lang='lat' dir='ltr'>die</span> <span class='ocrx_word' id='word_1_131' title='bbox 176 2191 346 2276; x_wconf 90' lang='lat' dir='ltr'>dominica,</span> <span class='ocrx_word' id='word_1_132' title='bbox 369 2200 516 2278; x_wconf 88' lang='lat' dir='ltr'>tempore</span> <span class='ocrx_word' id='word_1_133' title='bbox 538 2193 734 2260; x_wconf 82' lang='lat' dir='ltr'>accensionis</span> <span class='ocrx_word' id='word_1_134' title='bbox 755 2193 912 2276; x_wconf 89' lang='lat' dir='ltr'>lucernae,</span> <span class='ocrx_word' id='word_1_135' title='bbox 936 2201 1105 2278; x_wconf 87' lang='lat' dir='ltr'>praesente</span> <span class='ocrx_word' id='word_1_136' title='bbox 1129 2193 1225 2278; x_wconf 81' lang='lat' dir='ltr'>Epis·</span> 
     </span>
     <span class='ocr_line' id='line_1_18' title="bbox 104 2301 1223 2388; baseline -0.001 -20"><span class='ocrx_word' id='word_1_137' title='bbox 104 2320 184 2385; x_wconf 89' lang='lat' dir='ltr'>copo</span> <span class='ocrx_word' id='word_1_138' title='bbox 195 2307 306 2386; x_wconf 79' lang='lat' dir='ltr'>surgat</span> <span class='ocrx_word' id='word_1_139' title='bbox 321 2301 471 2368; x_wconf 88' lang='lat' dir='ltr'>diaconus</span> <span class='ocrx_word' id='word_1_140' title='bbox 486 2301 528 2366; x_wconf 91' lang='lat' dir='ltr'>ad</span> <span class='ocrx_word' id='word_1_141' title='bbox 544 2301 779 2370; x_wconf 89' lang='lat' dir='ltr'>accendendum</span> <span class='ocrx_word' id='word_1_142' title='bbox 796 2304 912 2384; x_wconf 89' lang='lat' dir='ltr'>lumen,</span> <span class='ocrx_word' id='word_1_143' title='bbox 930 2304 1096 2388; x_wconf 86' lang='lat' dir='ltr'>episcopus</span> <span class='ocrx_word' id='word_1_144' title='bbox 1116 2305 1223 2368; x_wconf 89' lang='lat' dir='ltr'>antem</span> 
     </span>
     <span class='ocr_line' id='line_1_19' title="bbox 108 2407 1225 2493; baseline 0.004 -21"><span class='ocrx_word' id='word_1_145' title='bbox 108 2415 177 2472; x_wconf 88' lang='lat' dir='ltr'>oret</span> <span class='ocrx_word' id='word_1_146' title='bbox 199 2429 297 2491; x_wconf 86' lang='lat' dir='ltr'>snper</span> <span class='ocrx_word' id='word_1_147' title='bbox 320 2429 374 2476; x_wconf 90' lang='lat' dir='ltr'>eos</span> <span class='ocrx_word' id='word_1_148' title='bbox 399 2407 468 2492; x_wconf 89' lang='lat' dir='ltr'>(qui</span> <span class='ocrx_word' id='word_1_149' title='bbox 491 2409 616 2476; x_wconf 88' lang='lat' dir='ltr'>invitati</span> <span class='ocrx_word' id='word_1_150' title='bbox 631 2409 726 2492; x_wconf 88' lang='lat' dir='ltr'>sunt)</span> <span class='ocrx_word' id='word_1_151' title='bbox 751 2415 782 2475; x_wconf 92' lang='lat' dir='ltr'>et</span> <span class='ocrx_word' id='word_1_152' title='bbox 798 2430 877 2491; x_wconf 90' lang='lat' dir='ltr'>eum,</span> <span class='ocrx_word' id='word_1_153' title='bbox 904 2410 958 2493; x_wconf 85' lang='lat' dir='ltr'>qui</span> <span class='ocrx_word' id='word_1_154' title='bbox 980 2409 1122 2477; x_wconf 87' lang='lat' dir='ltr'>invitavit</span> <span class='ocrx_word' id='word_1_155' title='bbox 1141 2409 1225 2476; x_wconf 92' lang='lat' dir='ltr'>illos.</span> 
     </span>
     <span class='ocr_line' id='line_1_20' title="bbox 106 2513 1226 2601; baseline 0.004 -22"><span class='ocrx_word' id='word_1_156' title='bbox 106 2513 267 2599; x_wconf 86' lang='lat' dir='ltr'>Pauperes</span> <span class='ocrx_word' id='word_1_157' title='bbox 290 2521 397 2580; x_wconf 91' lang='lat' dir='ltr'>autem</span> <span class='ocrx_word' id='word_1_158' title='bbox 421 2515 527 2581; x_wconf 85' lang='lat' dir='ltr'>adsint</span> <span class='ocrx_word' id='word_1_159' title='bbox 550 2516 678 2601; x_wconf 91' lang='lat' dir='ltr'>qnando</span> <span class='ocrx_word' id='word_1_160' title='bbox 701 2519 734 2583; x_wconf 94' lang='lat' dir='ltr'>in</span> <span class='ocrx_word' id='word_1_161' title='bbox 757 2517 852 2584; x_wconf 91' lang='lat' dir='ltr'>initio</span> <span class='ocrx_word' id='word_1_162' title='bbox 883 2520 1000 2582; x_wconf 91' lang='lat' dir='ltr'>missae</span> <span class='ocrx_word' id='word_1_163' title='bbox 1023 2515 1226 2584; x_wconf 88' lang='lat' dir='ltr'>Eucharistia</span> 
     </span>
     <span class='ocr_line' id='line_1_21' title="bbox 104 2625 217 2704; baseline -0.027 -14"><span class='ocrx_word' id='word_1_164' title='bbox 104 2625 217 2704; x_wconf 75' lang='lat' dir='ltr'>agitur.</span> 
     </span>
    </p>

    <p class='ocr_par' dir='ltr' id='par_1_6' title="bbox 103 2727 1226 3030">
     <span class='ocr_line' id='line_1_22' title="bbox 194 2727 1226 2816; baseline 0.001 -23"><span class='ocrx_word' id='word_1_165' title='bbox 194 2728 307 2796; x_wconf 88' lang='lat' dir='ltr'>Missos</span> <span class='ocrx_word' id='word_1_166' title='bbox 331 2735 437 2794; x_wconf 90' lang='lat' dir='ltr'>antem</span> <span class='ocrx_word' id='word_1_167' title='bbox 470 2728 566 2796; x_wconf 89' lang='lat' dir='ltr'>faciat</span> <span class='ocrx_word' id='word_1_168' title='bbox 596 2751 649 2797; x_wconf 90' lang='lat' dir='ltr'>eos</span> <span class='ocrx_word' id='word_1_169' title='bbox 682 2729 873 2816; x_wconf 84' lang='lat' dir='ltr'>(Episcopus</span> <span class='ocrx_word' id='word_1_170' title='bbox 896 2727 946 2797; x_wconf 84' lang='lat' dir='ltr'>vel</span> <span class='ocrx_word' id='word_1_171' title='bbox 970 2730 1155 2796; x_wconf 80' lang='lat' dir='ltr'>benefactor</span> <span class='ocrx_word' id='word_1_172' title='bbox 1177 2727 1226 2795; x_wconf 89' lang='lat' dir='ltr'>in·</span> 
     </span>
     <span class='ocr_line' id='line_1_23' title="bbox 103 2835 1222 2921; baseline 0.002 -21"><span class='ocrx_word' id='word_1_173' title='bbox 103 2835 230 2920; x_wconf 87' lang='lat' dir='ltr'>vitans),</span> <span class='ocrx_word' id='word_1_174' title='bbox 251 2844 286 2903; x_wconf 89' lang='lat' dir='ltr'>ut</span> <span class='ocrx_word' id='word_1_175' title='bbox 302 2837 472 2920; x_wconf 89' lang='lat' dir='ltr'>separatim</span> <span class='ocrx_word' id='word_1_176' title='bbox 489 2839 648 2920; x_wconf 90' lang='lat' dir='ltr'>recedant,</span> <span class='ocrx_word' id='word_1_177' title='bbox 669 2843 837 2921; x_wconf 87' lang='lat' dir='ltr'>antequam</span> <span class='ocrx_word' id='word_1_178' title='bbox 855 2841 1008 2920; x_wconf 76' lang='lat' dir='ltr'>tenebrae</span> <span class='ocrx_word' id='word_1_179' title='bbox 1026 2837 1222 2906; x_wconf 89' lang='lat' dir='ltr'>oboriantur.</span> 
     </span>
     <span class='ocr_line' id='line_1_24' title="bbox 104 2941 794 3030; baseline 0.012 -24"><span class='ocrx_word' id='word_1_180' title='bbox 104 2941 245 3013; x_wconf 88' lang='lat' dir='ltr'>Psalmos</span> <span class='ocrx_word' id='word_1_181' title='bbox 268 2945 416 3028; x_wconf 90' lang='lat' dir='ltr'>recitent,</span> <span class='ocrx_word' id='word_1_182' title='bbox 441 2952 611 3030; x_wconf 88' lang='lat' dir='ltr'>antequam</span> <span class='ocrx_word' id='word_1_183' title='bbox 635 2945 794 3014; x_wconf 90' lang='lat' dir='ltr'>recedant.</span> 
     </span>
    </p>
   </div>
   <div class='ocr_carea' id='block_1_5' title="bbox 104 3193 1228 3395">
    <p class='ocr_par' dir='ltr' id='par_1_7' title="bbox 104 3193 1228 3395">
     <span class='ocr_line' id='line_1_25' title="bbox 104 3193 1228 3280; baseline -0.001 -19"><span class='ocrx_word' id='word_1_184' title='bbox 104 3193 277 3262; x_wconf 82' lang='lat' dir='ltr'><strong><em>XXXIII.</em></strong></span> <span class='ocrx_word' id='word_1_185' title='bbox 320 3193 431 3262; x_wconf 79' lang='lat' dir='ltr'>Garum</span> <span class='ocrx_word' id='word_1_186' title='bbox 462 3197 649 3280; x_wconf 63' lang='lat' dir='ltr'>eiecimus</span> <span class='ocrx_word' id='word_1_187' title='bbox 682 3197 807 3262; x_wconf 83' lang='lat' dir='ltr'>tertius.</span> <span class='ocrx_word' id='word_1_188' title='bbox 858 3193 911 3264; x_wconf 85' lang='lat' dir='ltr'>Dc</span> <span class='ocrx_word' id='word_1_189' title='bbox 941 3196 1228 3262; x_wconf 82' lang='lat' dir='ltr'>commemoratione</span> 
     </span>
     <span class='ocr_line' id='line_1_26' title="bbox 185 3311 1134 3395; baseline -0.002 -17"><span class='ocrx_word' id='word_1_190' title='bbox 185 3333 249 3394; x_wconf 84' lang='lat' dir='ltr'>pro</span> <span class='ocrx_word' id='word_1_191' title='bbox 272 3313 450 3395; x_wconf 73' lang='lat' dir='ltr'>defunctis,</span> <span class='ocrx_word' id='word_1_192' title='bbox 479 3312 694 3391; x_wconf 63' lang='lat' dir='ltr'>merdicitur,</span> <span class='ocrx_word' id='word_1_193' title='bbox 723 3332 764 3378; x_wconf 81' lang='lat' dir='ltr'>ue</span> <span class='ocrx_word' id='word_1_194' title='bbox 784 3311 869 3394; x_wconf 77' lang='lat' dir='ltr'>ficut</span> <span class='ocrx_word' id='word_1_195' title='bbox 890 3311 944 3378; x_wconf 81' lang='lat' dir='ltr'>die</span> <span class='ocrx_word' id='word_1_196' title='bbox 966 3311 1134 3378; x_wconf 69' lang='lat' dir='ltr'>donicion.</span> 
     </span>
    </p>
   </div>
   <div class='ocr_carea' id='block_1_6' title="bbox 102 3465 1313 4198">
    <p class='ocr_par' dir='ltr' id='par_1_8' title="bbox 102 3465 1286 3986">
     <span class='ocr_line' id='line_1_27' title="bbox 194 3465 1223 3556; baseline -0.003 -18"><span class='ocrx_word' id='word_1_197' title='bbox 194 3471 228 3538; x_wconf 84' lang='lat' dir='ltr'>si</span> <span class='ocrx_word' id='word_1_198' title='bbox 258 3473 337 3538; x_wconf 88' lang='lat' dir='ltr'>fiunt</span> <span class='ocrx_word' id='word_1_199' title='bbox 367 3473 684 3540; x_wconf 88' lang='lat' dir='ltr'>commemorationes</span> <span class='ocrx_word' id='word_1_200' title='bbox 714 3493 774 3556; x_wconf 89' lang='lat' dir='ltr'>pro</span> <span class='ocrx_word' id='word_1_201' title='bbox 805 3471 862 3552; x_wconf 92' lang='lat' dir='ltr'>iis,</span> <span class='ocrx_word' id='word_1_202' title='bbox 894 3473 949 3556; x_wconf 90' lang='lat' dir='ltr'>qui</span> <span class='ocrx_word' id='word_1_203' title='bbox 981 3465 1118 3538; x_wconf 80' lang='lat' dir='ltr'>defuncti</span> <span class='ocrx_word' id='word_1_204' title='bbox 1141 3477 1223 3553; x_wconf 87' lang='lat' dir='ltr'>sont,</span> 
     </span>
     <span class='ocr_line' id='line_1_28' title="bbox 104 3575 1228 3664; baseline -0.002 -20"><span class='ocrx_word' id='word_1_205' title='bbox 104 3579 260 3662; x_wconf 86' lang='lat' dir='ltr'>primurn,</span> <span class='ocrx_word' id='word_1_206' title='bbox 292 3585 464 3664; x_wconf 83' lang='lat' dir='ltr'>antequam</span> <span class='ocrx_word' id='word_1_207' title='bbox 487 3575 693 3658; x_wconf 89' lang='lat' dir='ltr'>consideant,</span> <span class='ocrx_word' id='word_1_208' title='bbox 726 3583 925 3646; x_wconf 87' lang='lat' dir='ltr'>sacramenta</span> <span class='ocrx_word' id='word_1_209' title='bbox 948 3583 1094 3658; x_wconf 87' lang='lat' dir='ltr'>sumant,</span> <span class='ocrx_word' id='word_1_210' title='bbox 1123 3597 1228 3662; x_wconf 87' lang='lat' dir='ltr'>neque</span> 
     </span>
     <span class='ocr_line' id='line_1_29' title="bbox 103 3683 1286 3780; baseline -0.002 -30"><span class='ocrx_word' id='word_1_211' title='bbox 103 3691 210 3780; x_wconf 73' lang='lat' dir='ltr'>tamen</span> <span class='ocrx_word' id='word_1_212' title='bbox 241 3686 293 3752; x_wconf 89' lang='lat' dir='ltr'>die</span> <span class='ocrx_word' id='word_1_213' title='bbox 324 3685 491 3752; x_wconf 87' lang='lat' dir='ltr'>dominica.</span> <span class='ocrx_word' id='word_1_214' title='bbox 538 3685 615 3751; x_wconf 92' lang='lat' dir='ltr'>Post</span> <span class='ocrx_word' id='word_1_215' title='bbox 649 3684 906 3752; x_wconf 88' lang='lat' dir='ltr'>communionem</span> <span class='ocrx_word' id='word_1_216' title='bbox 940 3683 1150 3751; x_wconf 86' lang='lat' dir='ltr'>distribuatur</span> <span class='ocrx_word' id='word_1_217' title='bbox 1181 3685 1227 3748; x_wconf 86' lang='lat' dir='ltr'>eis</span> <span class='ocrx_word' id='word_1_218' title='bbox 1276 3723 1286 3738; x_wconf 83' lang='lat'>.</span> 
     </span>
     <span class='ocr_line' id='line_1_30' title="bbox 102 3789 1225 3877; baseline -0.003 -19"><span class='ocrx_word' id='word_1_219' title='bbox 102 3795 196 3877; x_wconf 89' lang='lat' dir='ltr'>panis</span> <span class='ocrx_word' id='word_1_220' title='bbox 219 3791 446 3875; x_wconf 78' lang='lat' dir='ltr'>(eulogiarum)</span> <span class='ocrx_word' id='word_1_221' title='bbox 470 3797 544 3858; x_wconf 88' lang='lat' dir='ltr'>ante</span> <span class='ocrx_word' id='word_1_222' title='bbox 559 3791 635 3858; x_wconf 88' lang='lat' dir='ltr'>solis</span> <span class='ocrx_word' id='word_1_223' title='bbox 652 3811 809 3874; x_wconf 88' lang='lat' dir='ltr'>occasum,</span> <span class='ocrx_word' id='word_1_224' title='bbox 834 3798 1007 3877; x_wconf 88' lang='lat' dir='ltr'>antequam</span> <span class='ocrx_word' id='word_1_225' title='bbox 1030 3789 1225 3858; x_wconf 86' lang='lat' dir='ltr'>consideant.</span> 
     </span>
     <span class='ocr_line' id='line_1_31' title="bbox 103 3897 1084 3986; baseline 0.002 -22"><span class='ocrx_word' id='word_1_226' title='bbox 103 3897 178 3966; x_wconf 82' lang='lat' dir='ltr'>Non</span> <span class='ocrx_word' id='word_1_227' title='bbox 201 3899 314 3964; x_wconf 87' lang='lat' dir='ltr'>sedeat</span> <span class='ocrx_word' id='word_1_228' title='bbox 336 3919 408 3966; x_wconf 89' lang='lat' dir='ltr'>cum</span> <span class='ocrx_word' id='word_1_229' title='bbox 432 3899 478 3964; x_wconf 90' lang='lat' dir='ltr'>eis</span> <span class='ocrx_word' id='word_1_230' title='bbox 501 3898 615 3984; x_wconf 87' lang='lat' dir='ltr'>aliquis</span> <span class='ocrx_word' id='word_1_231' title='bbox 638 3897 880 3986; x_wconf 82' lang='lat' dir='ltr'>catechumenus</span> <span class='ocrx_word' id='word_1_232' title='bbox 904 3901 935 3965; x_wconf 91' lang='lat' dir='ltr'>in</span> <span class='ocrx_word' id='word_1_233' title='bbox 959 3898 1084 3984; x_wconf 78' lang='lat' dir='ltr'>Agapis.</span> 
     </span>
    </p>

    <p class='ocr_par' dir='ltr' id='par_1_9' title="bbox 103 3990 1313 4198">
     <span class='ocr_line' id='line_1_32' title="bbox 193 3990 1313 4098; baseline -0.002 -28"><span class='ocrx_word' id='word_1_234' title='bbox 193 4003 300 4072; x_wconf 83' lang='lat' dir='ltr'>Edant</span> <span class='ocrx_word' id='word_1_235' title='bbox 314 4006 486 4090; x_wconf 90' lang='lat' dir='ltr'>bibantque</span> <span class='ocrx_word' id='word_1_236' title='bbox 499 4007 541 4072; x_wconf 88' lang='lat' dir='ltr'>ad</span> <span class='ocrx_word' id='word_1_237' title='bbox 554 4006 743 4098; x_wconf 84' lang='lat' dir='ltr'>satietatem,</span> <span class='ocrx_word' id='word_1_238' title='bbox 760 4025 861 4090; x_wconf 90' lang='lat' dir='ltr'>neque</span> <span class='ocrx_word' id='word_1_239' title='bbox 876 4026 950 4074; x_wconf 82' lang='lat' dir='ltr'>vero</span> <span class='ocrx_word' id='word_1_240' title='bbox 966 4005 1007 4074; x_wconf 89' lang='lat' dir='ltr'>ad</span> <span class='ocrx_word' id='word_1_241' title='bbox 1023 4003 1226 4088; x_wconf 67' lang='lat' dir='ltr'>ebrietatem</span> <span class='ocrx_word' id='word_1_242' title='bbox 1306 3990 1313 3999; x_wconf 75' lang='grc'><strong>’</strong></span> 
     </span>
     <span class='ocr_line' id='line_1_33' title="bbox 103 4110 860 4198; baseline -0.001 -16"><span class='ocrx_word' id='word_1_243' title='bbox 103 4111 163 4182; x_wconf 86' lang='lat' dir='ltr'>sed</span> <span class='ocrx_word' id='word_1_244' title='bbox 185 4111 219 4182; x_wconf 90' lang='lat' dir='ltr'>in</span> <span class='ocrx_word' id='word_1_245' title='bbox 243 4111 349 4182; x_wconf 83' lang='lat' dir='ltr'>divina</span> <span class='ocrx_word' id='word_1_246' title='bbox 372 4113 552 4198; x_wconf 82' lang='lat' dir='ltr'>praesentis</span> <span class='ocrx_word' id='word_1_247' title='bbox 578 4135 650 4182; x_wconf 89' lang='lat' dir='ltr'>cum</span> <span class='ocrx_word' id='word_1_248' title='bbox 673 4110 768 4180; x_wconf 90' lang='lat' dir='ltr'>laude</span> <span class='ocrx_word' id='word_1_249' title='bbox 791 4111 860 4182; x_wconf 90' lang='lat' dir='ltr'>Dei.</span> 
     </span>
    </p>
   </div>
   <div class='ocr_carea' id='block_1_7' title="bbox 0 0 1540 4758">
    <p class='ocr_par' dir='ltr' id='par_1_10' title="bbox 0 0 1540 4758">
     <span class='ocr_line' id='line_1_34' title="bbox 0 0 1540 4758; baseline 0 0"><span class='ocrx_word' id='word_1_250' title='bbox 0 0 1540 4758; x_wconf 95' lang='lat' dir='ltr'> </span> 
     </span>
    </p>
   </div>
  </div>
 </body>
</html>
