3074 4780
254 761 430 829 Memoratu
454 761 550 831 etiam
574 763 701 848 dignum
728 771 786 848 est,
812 765 897 850 quod
913 767 945 832 in
968 765 1143 834 canonibus
1166 763 1284 836 nestris

165 867 295 936 deloco
319 868 470 953 baptismi
494 870 617 953 dieitur.
655 871 761 939 Primo
784 873 913 956 quidem
937 880 1080 956 tempere
1096 875 1128 938 in
1145 873 1285 942 lontibus

162 973 259 1056 viris,
289 975 338 1041 vel
362 975 545 1042 fluminibus
578 984 609 1042 et
624 976 712 1042 'rivis
730 978 920 1062 ‘proselytos
952 981 1068 1044 tinctos
1098 977 1213 1060 fuisse,
1245 965 1284 1047 ex

160 1081 285 1148 autibus
301 1081 527 1180 appstolorum
552 1082 705 1164 uidemus,
729 1083 783 1174 ubi
800 1085 954 1168 Aethiops
978 1105 1050 1150 cum
1073 1085 1219 1172 Philippo
1243 1089 1285 1154 ad

160 1209 276 1273 aquam
300 1189 360 1256 rivi
382 1189 548 1274 eujusdam
572 1189 721 1258 aduectus
744 1191 838 1256 dicit:
874 1190 956 1256 Ecee
978 1211 1078 1274 aqna,
1113 1194 1187 1276 quid
1210 1215 1283 1278 pree

160 1295 250 1363 hibet
283 1316 335 1362 me
369 1296 545 1382 baptizarit
583 1297 667 1390 (bet.
701 1302 741 1379 8,
776 1297 843 1381 46.)
890 1298 985 1364 Initio
1024 1298 1141 1364 saeculi
1178 1302 1284 1384 quarti

163 1402 297 1487 piscinas
329 1403 484 1488 quasdam
516 1425 619 1488 prope
650 1404 800 1470 ecelesias
833 1411 1029 1472 constructas
1044 1425 1124 1476 ,esse
1147 1413 1283 1490 constat,

149 1529 244 1595 puae
266 1507 454 1594 baptisteria
470 1516 642 1592 uocantum
668 1513 802 1593 quorum
819 1511 984 1594 exemplar
997 1509 1099 1578 adhue
1115 1512 1148 1576 iu
1163 1513 1285 1598 baptis·

163 1619 244 1682 tario
266 1615 466 1683 Constantini
488 1617 635 1684 Romano
657 1617 822 1692 habemus.
870 1618 980 1682 Priore
1007 1624 1115 1683 tamen
1138 1625 1284 1704 tempere

155 1729 261 1808 'aequas
284 1725 369 1790 vivas
392 1723 551 1790 adhibitas
575 1725 683 1806 tuisse,
708 1727 824 1791 sensim
844 1725 1026 1808 sensimque
1043 1725 1075 1788 in
1092 1725 1282 1793 oblivionem

57 1895 61 1904 ,
102 1885 112 1896 ,
160 1828 333 1898 adductum
357 1837 417 1896 est.
464 1833 614 1898 Attamen
638 1832 741 1916 ipsum
766 1830 799 1900 S.
823 1831 951 1896 Petrum
975 1833 1095 1898 Romae
1119 1832 1153 1896 in
1176 1832 1282 1900 Tiberi

160 1937 352 2020 baptismum
376 1937 625 2019 administrasse,
650 1938 865 2005 Tertullianus
889 1938 1115 2026 nebieauetor
1139 1940 1235 2022 est.'¹)

249 2078 342 2160 Quod
367 2081 399 2146 in
421 2081 539 2147 nostris
562 2083 735 2148 canonibus
751 2080 791 2146 de
807 2081 877 2147 loce
901 2079 1053 2165 baptismi
1075 2083 1281 2165 praecipitur,

158 2185 241 2254 iuter
275 2193 444 2273 utramque
479 2187 737 2256 consuetudinem
771 2187 911 2274 medium
945 2181 1044 2254 tenet.
1096 2189 1205 2256 Canon
1232 2193 1283 2254 19.
1410 2237 1413 2247 .

158 2329 356 2414 praeseribit,
379 2337 415 2397 ut
437 2331 653 2398 catechumeni
674 2329 796 2398 adsint:
833 2331 911 2430 ὼ
934 2349 990 2462 7³
1020 2313 1075 2407 ,L
1099 2321 1177 2456 7oe
1193 2331 1283 2446 μβ

121 2516 133 2528 -
158 2472 246 2558 quod
269 2473 401 2558 proprie
423 2481 534 2542 sonat:
566 2495 690 2560 „prope
711 2473 813 2540 undas
843 2473 1031 2542 fluctuantes
1057 2493 1161 2558 aquae
1183 2473 1310 2544 maris·
1341 2538 1347 2560 ,

159 2579 233 2662 puri
256 2600 281 2646 s.
305 2582 438 2668 purae.“
487 2582 589 2664 Mare,
625 2581 686 2648 nisi
721 2581 829 2662 fallor,
869 2581 991 2666 piscina
1025 2586 1165 2661 vocatur,
1203 2601 1283 2664 quae

159 2683 274 2752 eedem
295 2691 369 2773 jure
392 2689 489 2755 maris
514 2710 629 2755 nomeu
652 2688 759 2770 habet,
784 2709 846 2774 quo
869 2710 925 2756 vas
949 2687 1146 2754 notissimum
1169 2687 1284 2771 templi

158 2791 341 2859 Salomonei
363 2815 451 2859 mare
481 2816 612 2860 aeneum
644 2797 875 2879 appellabatur.
916 2792 1025 2862 Oanon
1051 2792 1283 2861 ecclesiasticus

158 2899 272 2985 poscit,
296 2908 330 2968 ut
346 2921 429 2984 aqua
451 2902 544 2986 huJus
567 2902 706 2986 piscinae
721 2922 783 2967 non
807 2907 931 2969 tantum
947 2898 1089 2986 limpida,
1113 2899 1282 2968 sedetiam

158 3007 318 3074 fluctuans
340 3008 400 3092 sit,
425 3008 510 3094 quod
533 3009 694 3094 praestari
716 3015 859 3096 poterat,
888 3009 917 3075 si
940 3031 980 3074 ex
1003 3008 1067 3074 alia
1088 3008 1211 3095 piscina
1234 3007 1283 3073 vel

159 3111 224 3180 alio
249 3119 371 3202 majore
394 3136 468 3182 vase
490 3113 541 3182 vel
556 3137 595 3180 ex
610 3111 699 3184 fonte
723 3115 794 3182 uiro
817 3136 900 3202 aqua
922 3115 955 3181 in
978 3113 1133 3200 piscinam
1155 3113 1279 3200 baptis-

159 3219 276 3287 malem
301 3221 516 3304 derivabatur,
541 3224 626 3291 unde
648 3245 708 3310 per
730 3221 871 3290 canalem
896 3221 1063 3288 defluebat.

250 3345 283 3413 Si
298 3347 382 3415 hune
397 3370 551 3418 canonem
567 3370 637 3416 eum
652 3348 708 3416 illo
731 3353 904 3432 praecepto
927 3347 1172 3430 comparaveris,
1196 3341 1282 3429 quod

159 3451 203 3518 de
228 3455 413 3539 baptisterio
436 3457 470 3524 in
493 3459 616 3544 syriaco
640 3460 831 3524 testamento
855 3454 932 3520 lesu
955 3457 1057 3533 extat,
1085 3453 1185 3518 series
1208 3471 1281 3518 eeu·

158 3559 385 3642 suetudinem,
429 3585 512 3650 quae
549 3569 590 3632 ad
630 3564 821 3648 baptismum
862 3561 1044 3646 pertinent,
1064 3554 1281 3644 'completurr

159 3666 319 3747 „Quando
347 3677 453 3737 autem
482 3673 669 3758 perveniunt
699 3671 863 3756 adaquas
887 3703 930 3716 -
952 3667 1027 3735 illae
1049 3673 1155 3734 autem
1178 3685 1282 3751 aquae

153 4025 162 4040 ‚
236 3972 261 4038 l)
280 3973 419 4044 „Ideoque
438 3973 516 4030 nulla
540 3973 687 4030 distinetie
707 3976 763 4038 eet,
791 3969 864 4025 mari
890 3968 952 4040 quie
972 3986 1007 4024 an
1027 3972 1142 4036 stagno,
1166 3963 1284 4021 flumine

156 4075 199 4116 un
218 4058 302 4130 fonte,
322 4064 386 4118 laen
399 4079 434 4119 an
447 4065 527 4120 alveo
547 4063 682 4130 diluatur,
700 4079 752 4116 nee
771 4060 923 4130 quidquam
942 4059 1030 4114 refert
1047 4057 1124 4110 inter
1137 4073 1193 4120 eos,
1211 4071 1283 4122 quer

22 4142 23 4180 3
155 4147 285 4206 Joennee
303 4153 333 4208 in
351 4152 476 4209 Jordane
501 4158 530 4209 et
555 4167 640 4222 quos
665 4151 786 4206 Petrus
809 4150 845 4206 in
864 4149 985 4205 Tiberi
1003 4141 1117 4202 tinxit.“
1155 4143 1197 4198 De
1215 4143 1283 4214 bep-

157 4237 246 4294 ammo
271 4258 295 4296 e.
313 4243 339 4296 4.
373 4242 440 4312 (Ed.
466 4243 562 4313 bligue
586 4259 614 4314 p.
636 4237 727 4310 1203.)
764 4235 806 4296 cf.
829 4239 971 4310 Murteae,
998 4236 1034 4292 de
1060 4231 1150 4304 antiq.
1178 4229 1282 4286 ritibus

157 4329 303 4388 tuat
