3074 4780
181 709 275 762 moue
296 707 411 774 praeco
426 688 534 776 scripti
548 690 757 777 jampridem
780 695 905 777 coptioe
928 693 1009 760 versi
1024 691 1066 759 ad
1081 692 1301 778 posteritatem

186 795 390 862 deterrentur.

268 902 389 970 &reru
419 909 528 972 autem
559 905 783 972 documentum
816 903 1016 990 antiquitatis
1047 904 1098 972 his
1125 902 1300 972 canonibut
1394 937 1399 949 ·

182 1009 344 1087 contineri,
368 1009 394 1078 si
417 1019 505 1080 certa
528 1011 709 1078 testimonia
734 1010 857 1092 desunt,
891 1011 1131 1096 comparatione
1161 1018 1302 1080 tantum·

182 1115 276 1185 modo
300 1137 372 1185 cum
394 1117 533 1202 antiquis
556 1116 766 1184 monumentis
789 1117 933 1184 instituta
955 1116 1038 1184 effici
1062 1124 1175 1202 potest.

270 1274 311 1354 Y.
344 1277 425 1344 Cum
459 1277 551 1344 trinis
591 1275 791 1364 antiquitatis
831 1277 1029 1343 documentis
1066 1277 1126 1343 hos
1162 1297 1300 1342 canones
1339 1265 1343 1276 ’

180 1383 356 1452 arctissimo
379 1405 460 1452 nexu
484 1387 777 1476 conjunctosnessm
808 1383 897 1456 brevi
921 1383 1161 1468 comparatione
1184 1381 1299 1464 edocti,

181 1489 221 1557 ad
244 1491 326 1557 hano
348 1490 580 1558 conclusionem
604 1489 841 1574 compellimur:
879 1489 941 1556 tut
957 1511 997 1560 ex
1019 1489 1081 1556 illis
1104 1489 1300 1558 documentis

181 1605 254 1664 sunt
277 1595 427 1680 desumti,
451 1604 507 1662 aut
529 1598 599 1681 ipsa
620 1595 676 1661 illa
700 1596 889 1662 documento
907 1618 946 1660 ex
961 1595 1011 1663 his
1033 1593 1205 1662 canonibus
1229 1599 1303 1661 sunt

50 1773 66 1786 ,
185 1703 339 1784 conflata,
376 1709 430 1770 aut
466 1703 574 1788 omnip
604 1701 683 1770 bueo
718 1685 923 1778 monumenta
954 1705 993 1768 eir
1024 1702 1183 1796 communi
1214 1703 1300 1770 sonte

185 1803 353 1900 fluxerunt,
376 1823 441 1898 aut,
471 1815 555 1902 quod
579 1837 679 1900 paens
700 1815 782 1882 idem
809 1837 878 1882 esse
902 1817 1042 1896 videtur,
1066 1815 1207 1902 ejusdem
1231 1821 1303 1882 sunt

186 1921 342 2004 authoris,
379 1922 428 1988 cui
462 1919 580 2008 placuit
615 1922 740 1988 easdem
777 1942 889 1990 causas
924 1926 990 1987 tum
1026 1922 1199 1988 canonibus
1234 1927 1302 1988 tum
1336 1997 1338 2002 ,

183 2029 316 2096 caeteris
339 2029 465 2114 scriptis
492 2035 639 2095 tractare.

273 2136 352 2203 Sunt
374 2143 480 2204 autem
505 2135 561 2203 illa
585 2135 785 2214 documenta,
810 2138 893 2201 inter
914 2135 1053 2200 severia
1076 2132 1304 2201 necessitudine

183 2244 363 2327 conjuncto,
396 2243 486 2309 haec.
534 2243 675 2309 Primum
707 2241 812 2308 locum
836 2240 978 2307 obtinent
1002 2239 1207 2308 brevissimae
1229 2261 1304 2306 con·

183 2339 522 2435 stitutiones'graeoae,
547 2371 626 2434 quas
639 2353 705 2436 jam
722 2349 843 2434 pridem
862 2348 1000 2416 Grabius
1017 2370 1054 2415 ex
1070 2347 1304 2414 oxoniensibus

184 2455 344 2523 codicibus
368 2456 485 2538 edidit,
508 2453 681 2552 Fabricius
705 2465 810 2523 autem
842 2455 1019 2522 collectioni
1050 2453 1301 2538 fragmentorum

187 2561 449 2649 Hippolyte'orum
474 2567 616 2630 inseruit.
632 2563 657 2646 ¹)

273 2671 375 2737 Variis
407 2669 587 2737 nominibus
617 2691 734 2756 parvus
770 2669 893 2736 libellus
920 2668 1004 2754 apud
1034 2670 1138 2736 varios
1162 2675 1302 2736 ornator.

185 2779 274 2861 Apud
292 2777 472 2844 Fabricium
497 2778 678 2844 inscribitur
700 2775 867 2856 διατάξεις
882 2777 947 2840 τῶν
963 2771 1073 2840 αὐτῶν
1088 2771 1306 2839 Ἀποστόλων.

184 2883 219 2948 ln
243 2881 349 2948 codice
366 2883 548 2950 Monacensi
572 2883 633 2965 (gr.
652 2885 740 2968 380),
766 2905 829 2968 quo
852 2863 1165 2966 usus'tagardius')
1189 2901 1301 2948 novum

184 2987 351 3055 editionem
376 2990 577 3073 procuravit,
611 2989 655 3054 sic
680 2989 880 3056 inscribitur:
915 2988 1081 3068 διατάξεις
1107 2990 1173 3052 τῶν
1196 2981 1306 3051 αὐτῶν

184 3090 383 3160 {incurritur
406 3095 483 3182 περὶ
506 3100 715 3180 χειροτονιῶν
743 3096 801 3162 ded
822 3094 1038 3163 ‘tornodorum
1086 3095 1156 3161 Alio
1181 3093 1305 3162 nomine

183 3201 329 3286 apudcl.
354 3201 447 3269 Gard.
481 3189 624 3269 Pitram
662 3203 864 3286 exhibentur,
897 3204 949 3288 qui
973 3201 1106 3269 eundem
1134 3205 1306 3268 tractatum

184 3313 286 3392 primo
315 3316 402 3376 tomo
434 3309 539 3396 operis
570 3311 711 3377 nondum
741 3310 872 3396 perlecti
904 3309 1047 3378 inseruit.
1061 3307 1087 3392 ⁸)
1133 3307 1307 3386 Διατιίξεις

184 3417 250 3479 τῶν
272 3413 375 3498 u‘ylmr
398 3413 602 3482 Ἀποστόλων
619 3416 695 3503 περὶ
709 3419 868 3506 μυστικῆς
882 3414 1061 3510 Amprius.
1095 3414 1151 3483 Cui
1175 3413 1307 3480 novissi·

186 3545 256 3589 mae
279 3523 409 3600 editioni
431 3525 474 3590 ad
497 3523 671 3608 marginem
701 3523 831 3590 additae
861 3531 935 3590 suut
965 3531 1059 3590 notae
1089 3521 1305 3602 brevissimae,

186 3629 297 3714 quibus
319 3630 487 3712 indicatur,
522 3629 683 3714 quomodo
717 3629 860 3718 singulae
891 3629 1061 3696 sententias
1089 3628 1183 3715 hujus
1206 3625 1307 3694 libelli

185 3757 254 3804 cum
278 3738 411 3821 singulis
434 3737 576 3806 articulis
601 3741 726 3824 septimi
758 3748 789 3806 et
813 3738 914 3806 octavi
944 3737 1017 3806 libri
1041 3735 1306 3806 Constitutiouum

259 4057 284 4124 1)
307 4057 335 4116 S.
353 4057 502 4130 Hippolyti
521 4056 622 4126 Opera.
660 4055 817 4128 Hamburgi
837 4059 914 4112 1716.
941 4074 968 4128 p.
988 4055 1146 4132 tlt-259.

258 4147 285 4212 2)
309 4147 456 4217 Reliquiae
471 4147 544 4218 juris
567 4147 752 4203 ecclesiastici
776 4145 997 4226 antiquissimus.
1035 4147 1111 4202 toto.
1149 4161 1175 4216 p.
1196 4145 1212 4198 t
1231 4159 1308 4214 seqq.

257 4235 286 4306 3)
303 4237 381 4294 iuris
399 4237 572 4296 Graecorum
591 4235 716 4294 illatoris
733 4241 765 4296 st
783 4237 975 4294 Monumeutu
1012 4235 1042 4292 Τ.
1062 4234 1083 4290 1.
1110 4235 1186 4290 tuot
1215 4250 1243 4304 p.
1261 4237 1306 4292 tt.
