3068 4758
1192 425 1237 490 87
1320 489 1326 502 ,

106 571 225 674 (Mille
253 597 307 676 11,
333 594 419 676 29.);
456 591 537 674 Quia
561 593 645 660 mitis
674 615 744 662 sum
768 599 800 662 61
820 594 949 662 humilis
977 597 1100 694 eorde„
1128 599 1240 687 Neque

30 789 31 804 ἶ
104 699 261 784 intelligit
285 721 395 768 vocem
421 699 564 785 (domini,
581 701 659 788 que)
684 703 778 769 dicit:
803 701 1042 790 (11661113.)
1066 707 1237 776 Dominum

30 805 31 808 ’
104 807 204 876 deum
239 815 332 876 tunm
367 807 517 876 adorabis
552 815 584 874 61
618 809 664 876 1111
704 809 763 876 6611
799 810 926 878 seruies.
981 811 1115 898 Propter
1149 819 1237 900 qued

105 917 267 984 carissimi
290 916 379 998 mihi,
416 915 515 1001 fugite
538 916 579 984 ab
602 917 761 984 idolorum
786 919 911 984 culture
941 917 974 1003 (1
1003 919 1075 986 (166.
1105 925 1155 1003 10,
1183 928 1234 991 14.
1331 921 1333 928 '

110 1023 221 1091 1Joh.
240 1029 271 1106 5,
297 1023 382 1108 21.),
407 1043 488 1106 quae
512 1031 559 1090 est
578 1024 736 1110 superbia.
774 1024 818 1090 Et
836 1046 980 1094 ememus
995 1027 1078 1093 alter
1100 1028 1236 1096 alterum

105 1131 253 1213 invicem,
278 1151 421 1198 amemus
444 1133 541 1198 etiem
564 1131 762 1216 peregrinos,
787 1152 932 1200 ememus
955 1132 1131 1201 doctrinam
1156 1136 1235 1220 fugi·

106 1256 264 1323 smusque
288 1242 330 1304 ab
354 1241 440 1306 omni
463 1239 548 1306 socio
572 1238 668 1322 melo,
693 1239 734 1304 ad
758 1260 867 1305 servos
890 1247 996 1306 autem
1018 1239 1071 1307 dei
1092 1242 1236 1310 celeriter

106 1366 276 1412 curramus
314 1351 346 1412 et
378 1345 514 1412 libenter
548 1366 619 1412 cum
651 1346 690 1412 iis
717 1343 800 1412 16616
830 1367 962 1429 egemus
996 1350 1167 1416 secundum
1190 1351 1232 1435 id,

108 1454 196 1539 quod
243 1453 324 1519 dixit
370 1453 533 1538 quondam
584 1451 732 1520 Auevehe
786 1452 940 1538 (Abigail)
995 1454 1037 1520 ad
1082 1456 1236 1526 Davidem

108 1563 142 1645 (1
162 1561 250 1628 Sem.
277 1566 330 1643 25,
356 1561 433 1643 41);
468 1561 551 1628 Ecce
581 1560 703 1626 lamule
724 1567 781 1626 166
803 1569 919 1644 perata
941 1561 982 1628 sit
1008 1561 1042 1628 in
1070 1562 1230 1648 ancillam,

108 1675 145 1734 61
177 1667 262 1736 16661
292 1667 392 1753 pedes
423 1688 583 1738 servorum
616 1668 736 1734 domiui
766 1667 839 1734 mei.
885 1669 1043 1736 Lavemus
1072 1669 1169 1754 igitur
1201 1679 1235 1740 61

108 1795 168 1840 666
192 1777 291 1860 pedes
314 1779 500 1842 sanctorum
524 1773 556 1858 (1
575 1773 655 1840 Tim.
674 1779 703 1856 5,
733 1772 807 1855 11),
832 1777 867 1838 61
882 1773 1050 1842 audiemus
1072 1797 1154 1860 eum,
1180 1779 1235 1864 661

109 1885 217 1967 mejor
246 1886 296 1948 661
318 1879 455 1964 1166116,
486 1881 596 1946 lesum
621 1878 782 1946 Christum
805 1878 976 1946 Dominum
998 1887 1144 1950 nostrum
1167 1885 1235 1968 (eu-

109 1988 174 2072 geli
196 1986 317 2054 hebent
339 2006 413 2054 sues
436 1986 614 2070 stationes),
639 1986 693 2070 qui
716 1990 805 2050 amet
828 2005 955 2052 omnem
977 2006 1104 2054 summo
1127 1991 1233 2060 studio

110 2099 334 2162 observantem
360 2095 512 2160 mandate
535 2097 619 2180 ejus,
643 2094 689 2160 116
712 2093 887 2160 dicentem:
922 2090 1012 2177 Euge
1034 2114 1125 2161 serve
1149 2101 1232 2164 bone

112 2209 144 2268 et
164 2201 278 2285 fidelis,
302 2201 379 2288 quie
390 2224 487 2287 super
507 2221 612 2287 pauca
635 2200 724 2266 suisti
738 2198 851 2282 fidelis,
868 2219 964 2282 super
986 2199 1087 2268 multa
1109 2208 1233 2270 16666-

111 2311 255 2394 6111666,
290 2311 375 2376 intra
408 2310 440 2378 in
463 2308 615 2395 gaudium
649 2308 770 2375 domini
804 2307 861 2376 tui.
917 2307 1031 2391 (Math.
1065 2313 1127 2394 24,
1163 2311 1233 2398 23.)

111 2416 266 2486 Futurum
291 2423 341 2484 est
358 2438 476 2501 revera,
501 2415 638 2484 6111661
659 2415 827 2502 unicuique
848 2420 1000 2498 nostrum,
1026 2416 1081 2500 qui
1103 2437 1233 2502 congre·

26 2569 27 2578 6
111 2526 176 2605 grui
209 2546 318 2594 sumus
347 2525 382 2590 in
411 2526 537 2592 nomine
569 2528 654 2610 ejus:
693 2523 804 2590 Venite
838 2522 993 2590 benedicti
1026 2529 1128 2608 patris
1158 2527 1233 2612 mei,

112 2634 275 2717 possidete
312 2640 462 2718 paratum
499 2633 589 2700 vobis
626 2652 760 2714 regnum
795 2652 817 2697 e
844 2628 1070 2696 constitutione
1103 2633 1231 2718 mundi;

112 2742 226 2810 6666161
258 2747 291 2806 61
314 2739 445 2808 dedistis
478 2739 554 2804 mihi
586 2738 794 2820 munducare,
827 2735 912 2804 sitivi
936 2741 966 2802 61
990 2735 1122 2805 dedistis
1151 2741 1231 2808 mihi
1293 2739 1298 2756 '

112 2850 230 2932 bibere,
255 2849 373 2932 hospes
396 2868 482 2916 erem
503 2852 535 2912 et
558 2843 730 2929 collegistis
753 2865 820 2928 me,
844 2843 946 2910 nudus
970 2848 1002 2910 61
1023 2846 1233 2932 cooperuistis

113 2977 173 3040 me,
205 2953 349 3024 infirmus
372 2961 405 3022 61
427 2954 586 3022 visitastis·
601 2975 669 3036 me,
701 2953 735 3020 in
757 2973 883 3022 carcere
906 2972 993 3041 eram
1022 2958 1055 3020 et
1076 2953 1230 3022 visitastis

112 3083 178 3142 me;
208 3063 328 3149 pergit:
368 3062 456 3130 Tunc
480 3061 721 3147 mspondehunt
743 3065 772 3128 ei
799 3060 877 3145 justi
909 3057 1065 3126 dicentes:
1099 3062 1230 3145 666616

112 3172 298 3238 1661116666
321 3174 511 3240 esurientem
537 3177 568 3238 et
592 3169 737 3254 perimus
759 3173 792 3234 te
816 3173 849 3232 61
871 3170 1012 3247 coetera,
1048 3185 1130 3250 6666
1157 3175 1231 3251 6661

112 3274 188 3346 hese
210 3284 395 3366 sequuntur,
421 3278 551 3344 fecimus
568 3278 652 3346 tibi?
689 3275 731 3340 Et
753 3271 948 3358 respondeus
972 3271 1075 3342 dicet:
1104 3275 1228 3342 Revera

112 3382 181 3452 dico
203 3387 311 3454 uobis:
340 3385 491 3471 quicquid
514 3384 652 3452 feceritis
674 3381 768 3448 alicui
785 3399 822 3446 ex
836 3379 886 3450 his
907 3377 1043 3465 pusillis,
1066 3377 1128 3448 hcc
1150 3380 1229 3452 mihi

111 3491 235 3560 16616116.
280 3493 491 3578 (11611621,
524 3491 592 3576 40.)
638 3491 733 3576 Cujus
762 3494 871 3556 661666
905 3509 986 3574 opus
1021 3495 1055 3554 61
1087 3488 1229 3560 studium

112 3599 271 3684 uigilantia
294 3621 358 3668 non
380 3600 565 3682 custoditur,
597 3599 630 3666 id
653 3597 798 3666 incendio
821 3595 988 3680 delebitur,
1019 3598 1096 3682 6616
1126 3595 1226 3666 vitem

111 3707 292 3776 nonhabet
315 3708 347 3776 iu
370 3709 497 3790 virtute,
522 3707 579 3774 sed
602 3712 648 3774 661
670 3711 833 3774 mortuum
855 3705 888 3770 in
909 3703 1136 3790 perversitat03
1167 3703 1232 3776 1111,

111 3831 171 3896 666
192 3815 254 3900 ipsi
283 3813 376 3882 furno
408 3813 558 3882 destinati
581 3821 673 3894 6661,
697 3815 718 3879 1.
734 3831 762 3878 6.
787 3809 926 3880 ludibrio
961 3817 1072 3898 eruub
1086 3808 1225 3895 diabolo,

111 3921 163 4004 661
185 3923 290 4008 primo
313 3925 359 4008 (in
383 3921 591 4008 baptismate)
622 3941 678 3988 ore
700 3939 758 3988 suo
780 3917 946 3990 dixerunt:
986 3917 1144 3986 116666616
1167 3917 1227 3990 tibi

111 4048 130 4094 o
153 4027 288 4112 861666,
316 4033 383 4116 J'am
406 4049 483 4098 vero
506 4029 655 4114 operibns
681 4027 746 4096 suis
768 4026 862 4094 malis
884 4030 928 4096 61
951 4049 1025 4096 oum
1046 4031 1225 4094 recurrunt.

73 4227 83 4254 ·
111 4132 232 4206 1166616
260 4141 367 4208 autem
398 4134 552 4204 Diabolus
583 4155 646 4206 non
676 4133 769 4206 66116
791 4134 932 4221 gaudere
963 4133 1088 4206 uidetur
1110 4130 1151 4200 16
1173 4133 1223 4218 iis,
