3068 4758
1271 455 1332 517 113
1432 517 1437 531 Ι

207 649 318 694 norrrcn
366 648 515 710 graecum
554 627 587 692 iu
626 627 757 710 Coptieo
803 635 892 694 textu
932 627 1130 694 Didascaliee
1175 639 1329 696 servatur.

209 733 404 812 enudabit
432 765 506 854 ω)
542 761 591 816 est
623 751 727 817 oleum
759 753 926 821 exorcismi
950 754 970 818 i.
987 774 1014 818 e.
1047 755 1215 818 secundnm
1243 775 1331 820 usum

200 876 405 956 'hodiernum
432 875 598 959 proprium
622 876 724 942 oleum
750 876 1058 944 catechumenorum.
1101 856 1229 987 fluidi
1257 892 1332 983 ιω)

208 1003 294 1084 apud
321 1001 596 1082 Coptosvocatur
620 1002 722 1066 oleum
748 1001 967 1066 eucharistiae.
1015 1001 1073 1065 Est
1096 1000 1243 1082 chrisma,
1268 1021 1331 1083 qno

210 1123 410 1207 baptismalis
433 1125 632 1188 caeremonia
656 1123 869 1206 confirmatur,
895 1129 1024 1209 ipsaque
1045 1123 1244 1190 confirmatio
1260 1147 1333 1208 per-

209 1247 322 1314 ficitur.
372 1251 439 1315 Hoc
466 1249 601 1316 alterum
634 1271 731 1332 genus
763 1251 844 1315 sacri
878 1249 938 1316 olei
963 1253 1057 1314 etiam
1100 1231 1218 1316 mit
1257 1265 1332 1356 ω)

216 1373 343 1456 „oleum
366 1375 540 1440 unctionis“
565 1383 704 1442 vocatur.
1277 1391 1311 1457 ι

302 1503 332 1564 9.
367 1499 404 1562 1n
440 1499 718 1566 abrenunciatione
755 1499 891 1565 Satanae
932 1498 1187 1564 catechumenum
1223 1521 1333 1566 versus

210 1623 420 1704 occidentem,
454 1625 484 1687 in
508 1625 669 1706 agnitione
694 1625 808 1689 Christi
842 1645 950 1690 versus
982 1624 1137 1692 orientem
1165 1631 1333 1708 spectasse,

208 1755 329 1810 veteres
345 1755 510 1812 testantur.
548 1747 580 1812 S.
599 1750 813 1834 Hieronymus
833 1749 865 1812 in
890 1748 1036 1830 prophet.
1070 1751 1168 1814 Amos
1191 1769 1261 1832 cap.
1276 1747 1330 1814 tv.

210 1871 394 1936 brevissime
418 1872 516 1936 dicit:
551 1873 587 1936 In
611 1873 769 1956 mysteriis
794 1877 1011 1968 renuntiamus
1036 1872 1063 1936 ei
1087 1874 1242 1956 primum,
1275 1873 1330 1958 qni

210 1997 241 2058 in
265 1994 426 2060 occidente
458 2002 525 2073 est,
561 2003 592 2061 et
616 1998 661 2060 sic
685 1995 767 2060 versi
792 1995 832 2059 ad
864 1995 1034 2076 orientem,
1068 2003 1195 2079 pactum
1220 1997 1333 2062 inimus

211 2139 279 2186 cum
319 2121 386 2186 sole
420 2121 574 2204 justitiae.
622 2117 669 2188 Cf.
709 2121 926 2200 Marione,
967 2120 1006 2184 dc
1046 2122 1143 2205 antiq.
1184 2121 1334 2187 ecclesiae

214 2245 325 2312 ritibus
348 2247 373 2311 l.
402 2251 451 2326 13,
477 2250 508 2310 8.
748 2237 754 2248 ’

301 2369 464 2453 ,‚Pompa“
489 2367 637 2450 Satanae,
663 2390 744 2454 quae
759 2393 820 2436 vox
836 2373 865 2434 in
883 2369 1026 2436 formulis
1042 2369 1332 2436 abrenunciationis

211 2495 325 2579 ubique
343 2495 504 2576 receurrit,
530 2496 701 2562 secundum
724 2497 933 2580 interpretem
950 2497 1125 2563 Arabicum
1142 2498 1190 2563 vel
1207 2502 1332 2562 turbam

213 2657 361 2718 comitum
394 2627 547 2738 (aaa),
578 2656 626 2720 rel
658 2656 776 2722 cultum
809 2624 952 2748 (ἲυῶὀ)
994 2656 1131 2722 Satanae
1167 2658 1332 2740 significat,

212 2813 313 2874 neque
333 2817 406 2863 vero
427 2799 541 2862 fastum
563 2797 611 2862 vel
627 2798 806 2882 snperbiam
825 2797 972 2864 Satanae.
1008 2799 1109 2882 Copta
1129 2797 1334 2882 (ed.Tattam

211 2919 309 3004 pti)
327 2921 573 3007 interpretatur:
598 2923 810 2989 schemschi
834 2925 853 2988 i.
868 2946 894 2988 e.
919 2925 1090 3006 servitium,
1115 2922 1333 3004 ministerium,

210 3042 321 3112 cultus.
347 3047 380 3114 Si
398 3050 578 3132 oppositum
596 3048 841 3129 consideremus,
856 3049 940 3130 quod
953 3047 1099 3132 proxima
1114 3046 1334 3131 paragraphus

211 3203 315 3280 affert,
339 3179 513 3287 (ΜΔ-4)
535 3213 646 3274 turbae
670 3215 752 3288 tuae,
777 3207 797 3271 i.
815 3227 841 3272 a.
866 3207 1062 3272 universitati
1086 3227 1245 3273 servornm
1272 3207 1333 3289 dei,

212 3380 289 3424 rero
304 3360 404 3424 simile
414 3365 505 3428 nobis
523 3365 656 3446 ridetur,
673 3366 734 3431 boc
749 3365 819 3430 loco
829 3366 963 3430 Arabem
981 3385 1057 3432 voce
1071 3339 1215 3446 (san-3)
1228 3388 1335 3434 servos

212 3486 243 3548 et
259 3483 371 3564 sorios,
389 3485 513 3550 turbam
538 3489 696 3555 sociorum
721 3497 753 3554 et
776 3491 967 3556 asseclarum
987 3489 1134 3572 Satanae,
1158 3492 1334 3574 significare

211 3605 356 3688 voluisse,
391 3628 471 3691 quae
494 3611 659 3677 translatio
686 3613 772 3678 vocis
796 3613 919 3700 nourrii
950 3634 1137 3698 graecorum
1166 3621 1331 3682 auctorum

211 3755 269 3800 usu
292 3732 528 3818 comprobatur.

305 3880 372 3943 10.·
391 3875 458 3942 Hoc
491 3877 561 3944 loco
585 3875 697 3942 bah-'³
726 3901 787 3944 nou
811 3879 939 3962 cultura,
964 3880 1012 3946 vel
1036 3881 1196 3948 servitium
1222 3847 1333 3974 itaci}

210 4017 267 4086 sed
302 4017 427 4084 turbam
464 4021 674 4102 serculorum,
723 4021 869 4090 militiam
909 4023 1004 4108 igitur
1042 4022 1210 4090 coelestem
1254 4044 1332 4106 esse,

211 4151 340 4254 5413,
371 4169 538 4234 contextus
565 4166 668 4232 docet.

1156 4275 1174 4330 Β
