3068 4758
249 532 300 596 ,84

253 706 296 772 ad
318 704 554 799 invigilandum,
578 725 618 772 ne
641 705 846 790 supervolitet
869 727 1070 776 muscanese
1093 706 1188 774 cadat
1211 706 1379 793 quiequam

254 813 457 897 inanimem,
498 814 582 880 unde
620 812 742 880 oriatur
771 834 930 894 summum
960 817 1079 882 crimen
1104 815 1234 902 (propr.
1257 815 1377 884 crimen
1470 865 1484 894 .

253 923 380 1008 mortis)
414 944 473 1008 pro
496 921 725 989 sacerdotibus.
772 922 849 992 Ideo
873 945 954 990 uuus
978 924 1136 992 custodiat
1160 923 1378 992 locumssauc·

249 1036 331 1108 tum.
380 1031 440 1120 Qui
464 1035 569 1096 autem
600 1029 760 1097 distribuit
791 1037 1039 1133 sacramentum,
1071 1031 1187 1117 quique
1219 1032 1379 1118 accipiunt

150 1213 155 1230 s
254 1136 535 1222 (communionem)
567 1159 692 1204 summe
714 1137 881 1222 vigilantia
903 1145 1052 1221 careant,
1090 1159 1130 1204 ne
1152 1139 1319 1224 quicquam
1345 1140 1378 1204 iu

252 1251 370 1312 terram
395 1245 536 1330 decidat3
569 1266 609 1312 ne
632 1248 825 1324 concedatur
848 1247 973 1332 spiritui
997 1247 1139 1332 maligno
1162 1255 1306 1332 potestas
1329 1246 1377 1313 iu·

253 1353 388 1420 radendi
413 1375 485 1420 eum
511 1353 577 1437 (qui
600 1353 694 1438 hujus
718 1355 839 1438 peccati
863 1376 938 1421 reus
961 1354 1036 1438 est.)

341 1465 443 1531 Nemo
465 1462 551 1528 intra
575 1461 677 1528 velum
701 1461 822 1546 aliquid
846 1464 1005 1548 loquetur,
1030 1462 1092 1530 nisi
1114 1481 1223 1546 preces
1247 1467 1278 1527 et
1295 1479 1378 1546 quae

252 1591 311 1656 pro
335 1568 423 1636 cultu
446 1572 625 1636 necessaria
648 1573 731 1652 sunt,
755 1577 923 1655 praeterea
947 1571 1074 1637 omnino
1098 1569 1184 1636 nihil.
1219 1569 1296 1636 Non
1318 1569 1378 1636 fiat

252 1675 381 1758 aliquod
418 1682 498 1760 opus
527 1675 559 1740 in
591 1674 662 1742 loco
692 1674 760 1743 illo.
807 1675 872 1743 Ubi
899 1682 1005 1743 autem
1038 1675 1220 1744 sacerdotes
1253 1681 1286 1741 at
1310 1675 1378 1742 dia·

252 1783 323 1849 coni
347 1780 550 1848 absolverunt
573 1781 827 1848 communionem
856 1781 983 1867 populi,
1014 1782 1134 1849 intrent
1158 1781 1204 1866 (in
1227 1781 1377 1866 chorum)

208 1883 212 1885 ’
251 1874 294 1956 ad
316 1889 515 1956 recitandum
547 1889 727 1974 (psalmos).
775 1890 871 1958 Omni
900 1890 1028 1957 omniuo
1051 1897 1210 1975 tempore,
1234 1909 1377 1974 quacun-

254 2017 316 2082 que
338 1996 419 2064 hora
440 1997 636 2078 intraverint,
661 2003 794 2082 propter
816 2003 991 2082 potestates
1014 1997 1076 2065 loci
1089 1997 1199 2079 sancti,
1225 1996 1289 2063 siut
1311 1996 1377 2062 illie

251 2105 366 2190 psalmi
389 2098 449 2190 pro
473 2103 705 2188 tintinnabulis,
727 2125 820 2191 ⁴quae
843 2107 933 2172 erant
953 2105 988 2171 in
1010 2105 1118 2172 tunica
1140 2103 1291 2187 Aaronis,
1321 2123 1377 2171 ne·

251 2233 314 2297 que
338 2211 448 2278 sedeat
470 2211 543 2298 quis
566 2212 622 2276 illo
645 2217 805 2295 tempore,
837 2213 894 2278 sed
919 2217 1026 2294 orent,
1056 2233 1157 2296 neque
1180 2205 1378 2295 aliud‘quic-

252 2338 347 2402 quam
378 2326 491 2403 agant,
527 2317 742 2402 inclineutque
774 2318 1000 2404 (transeuntes)
1038 2327 1141 2402 genua
1173 2323 1204 2384 et
1232 2326 1378 2402 proster-

250 2433 364 2492 nentur
387 2434 462 2493 ante
485 2425 596 2493 altare.
626 2426 799 2492 ‘Puluerem
822 2435 937 2510 autem,
973 2430 1028 2512 qui
1051 2430 1153 2512 scopis
1176 2425 1375 2492 converritur
1425 2489 1435 2502 ,

251 2533 385 2602 deloco
419 2542 545 2618 sancto,
577 2533 748 2620 projiciant
769 2533 802 2599 in
825 2554 941 2618 aquam
966 2534 1063 2602 maris
1086 2533 1199 2600 undosi
1231 2531 1265 2616 (i.
1289 2553 1315 2598 e.
1340 2531 1375 2599 in

252 2643 506 2728 baptisterium),
539 2663 642 2728 noque
665 2649 827 2708 remaneat
855 2641 1086 2709 conculcandus
1115 2640 1156 2708 ab
1179 2638 1372 2723 hominibus,

250 2751 308 2816 sed
331 2751 585 2835 omnitempore
608 2772 706 2835 purus
730 2750 771 2815 sit
795 2749 896 2834 (locus
921 2751 1072 2833 sauctus).

339 2855 437 2940 Signa
461 2855 493 2939 (ο
512 2855 702 2940 Christiane)
726 2854 864 2924 frontem
888 2861 976 2924 tuam
1000 2857 1090 2940 signo
1115 2855 1217 2922 crucis
1240 2851 1282 2920 ad
1305 2854 1374 2922 viu·

151 3034 153 3040 ,
252 2963 549 3032 ceudumSctanam
566 2965 653 3030 etad
676 2961 877 3048 gloriandum
901 2970 1035 3049 propter
1057 2963 1153 3030 fidem
1170 2970 1269 3030 tuam.
1304 2961 1375 3029 Hoc

250 3070 325 3138 iecit
347 3073 474 3157 Moyses
498 3071 537 3137 de
560 3071 713 3155 sanguiue
730 3074 812 3156 agui,
837 3093 932 3157 quem
955 3071 1056 3140 illevit
1078 3069 1374 3156 superliminaribus

250 3186 281 3246 et
296 3179 441 3265 postibus
460 3183 642 3266 januarum,
667 3200 731 3266 qua
746 3201 781 3246 re
795 3177 915 3245 iactum
939 3185 997 3262 est,
1021 3186 1056 3246 ut
1072 3185 1261 3246 sanarentur
1283 3175 1374 3242 hebi·

249 3295 356 3355 tautes
392 3277 479 3364 intra
517 3287 592 3368 illa;
635 3293 756 3373 quanto
795 3285 895 3370 magis
932 3286 1113 3371 purificabit
1149 3292 1181 3352 et
1219 3284 1376 3351 custodiet

250 3396 376 3478 sanguis
400 3394 518 3462 Christi
543 3413 607 3476 θοᾶς
632 3393 686 3480 qui
711 3393 845 3461 creduut
867 3397 900 3460 in
924 3417 996 3460 eum
1021 3399 1052 3460 et
1075 3392 1227 3478 effingunt
1250 3391 1374 3458 redem-

198 3551 199 3555 =
249 3503 353 3576 tionis,
375 3505 474 3570 totius
507 3502 593 3570 orbis
622 3507 781 3568 terrarum
806 3501 1061 3585 similitudinem,
1093 3523 1173 3587 quae
1197 3500 1373 3568 similitudo

250 3610 403 3694 sanguiue
426 3610 513 3694 agnis
522 3609 655 3694 perlecti
679 3632 720 3676 so.
745 3607 863 3674 Christi
887 3610 1021 3675 intendit
1045 3610 1151 3676 omnia
1174 3612 1373 3674 sacramenta

250 3727 382 3808 propter
412 3717 510 3785 vitam
541 3723 573 3782 et
603 3715 867 3784 resurrectionem
900 3723 932 3782 et
955 3717 1153 3784 sacrificium.
1179 3715 1374 3782 ‘Christiani

249 3831 354 3891 autem
371 3825 430 3892 soli
446 3823 582 3891 audiunt
596 3823 685 3905 haec,
708 3823 784 3909 quia
800 3822 938 3908 sigillum
950 3823 1158 3910 Baptismatis
1175 3827 1371 3908 acceperuut,
1392 3848 1396 3854 ·

249 3939 322 4001 sunt
345 3935 428 3999 euim
452 3931 485 3997 iu
509 3932 691 4029 societatem
718 3929 846 4016 recepti.
1193 3938 1198 3949 “
1380 3929 1386 3942 “
