3068 4758
226 395 268 472 ro

225 581 309 652 XII.
344 569 454 688 Cocco
466 570 674 651 duodecimas
688 584 727 686 de
742 571 961 666 reprobetiorre
982 573 1347 668 quoramdom‘ope'ram',

220 696 355 777 propter
378 711 460 778 poce
482 693 555 776 pais
579 713 600 757 a
623 693 836 758 communiore
865 691 1021 758 arcendas
1043 696 1098 772 est,
1122 691 1220 758 'denec
1238 686 1350 799 poeni·

666 800 799 866 tentiam
821 804 909 884 opat.
1230 817 1232 820 ·

317 995 429 1088 Omnis
453 995 602 1077 scenicus,
627 995 677 1062 rel
700 994 860 1079 gladiator
883 993 935 1084 vel¹
956 993 1011 1079 qui
1035 999 1162 1062 exercet
1184 996 1234 1062 vel
1258 997 1355 1072 docet¹

227 1101 407 1170 saltationis
432 1101 603 1187 (scenicae)
621 1107 735 1186 artem,
752 1101 801 1168 vel
818 1101 871 1186 qui
887 1100 970 1168 ludit
985 1096 1095 1170 corani
1113 1101 1288 1188 Olympicis
1302 1101 1352 1186 (i)

227 1211 277 1276 rel
301 1212 353 1295 qui
379 1211 472 1276 docet
493 1209 679 1293 augurium,
716 1207 764 1275 rel
787 1208 1048 1275 incantationem
1068 1209 1278 1296 (serpentum)
1304 1207 1353 1276 vel

229 1315 456 1384 divinationem
489 1338 527 1382 err
559 1317 671 1399 signis,
705 1315 753 1380 vel
771 1314 955 1381 -bestiarius
987 1315 1055 1399 (qui
1086 1336 1156 1382 cum
1181 1315 1290 1384 bestiis
1313 1314 1355 1382 ad

230 1407 473 1490 oblectationem
504 1422 606 1508 plebis
636 1423 806 1507 pugnat),
825 1421 875 1489 vel
902 1410 1001 1488 Idolis
1031 1413 1231 1505 sacrificairs,
1253 1459 1299 1472 —
1321 1421 1355 1488 hi

231 1552 340 1598 omnes
364 1552 426 1597 nou
459 1530 670 1596 admittuntur·
701 1529 743 1594 ad
766 1529 916 1594 homilias
952 1550 1075 1612 sacras,
1114 1530 1174 1596 nisi
1204 1530 1291 1615 prius
1314 1528 1356 1596 ab

231 1638 294 1705 illis
318 1637 491 1705 immundis
514 1630 666 1724 operibus
680 1643 862 1723 purgentur.
901 1636 978 1705 Post
1002 1625 1251 1722 (probationem)
1276 1658 1353 1722 qua·

231 1744 378 1828 draginta
409 1745 530 1812 dierum
562 1745 735 1830 participes
766 1746 848 1812 fiunt
878 1743 1038 1814 homiliae.
1088 1744 1122 1811 Si
1151 1747 1263 1829 dignos
1286 1765 1358 1812 sese

209 1906 212 1911 .
232 1835 390 1934 exhibent,
416 1851 511 1918 etiam
528 1851 569 1917 ad
586 1850 779 1936 baptismum
803 1851 1025 1918 admittuntur.
1065 1849 1237 1930 Gatccheta
1252 1856 1358 1918 autem

149 1957 153 1962 ’
235 1959 395 2034 ecclcsiae,
409 1958 449 2028 de
463 1959 513 2026 his
530 1959 625 2027 rebus
648 1962 765 2026 referat
790 1959 845 2043 (ad
867 1959 1077 2044 episcopum).
1113 1957 1358 2041 Grammaticus,
1396 2015 1402 2020 .

235 2065 289 2150 qui
311 2050 428 2152 parvos
450 2089 565 2152 pueros
588 2066 736 2150 instruit,
770 2067 798 2132 si
820 2067 917 2132 aliam
948 2073 1050 2133 artem
1073 2088 1137 2133 non
1160 2066 1264 2148 norit,
1295 2087 1361 2150 quc

233 2175 350 2242 victum
384 2183 534 2258 quaerat,
576 2175 733 2258 vituperet
764 2174 1015 2258 quandocunque
1044 2173 1077 2238 in
1107 2173 1162 2255 iis,
1199 2194 1279 2256 quos
1311 2172 1358 2238 in·

234 2281 338 2364 struit,
363 2280 483 2367 aliquid
507 2280 779 2366 (vituperandum)
804 2289 950 2366 apparot,
976 2287 1008 2346 et
1029 2281 1149 2358 sincere
1172 2283 1362 2370 confiteatur

206 2373 298 2469 cos,
324 2387 377 2471 qui
400 2387 614 2456 aGcntilibus
637 2389 690 2454 Dii
714 2395 878 2470 vocantur,
905 2387 1071 2455 daemones
1096 2409 1174 2472 esse,
1207 2387 1357 2472 dicatque

234 2514 344 2580 coram
377 2494 440 2562 illis
474 2494 652 2582 (discipulis
675 2495 754 2580 suis)
790 2495 949 2582 quotidie:
985 2495 1056 2562 Non
1088 2501 1137 2562 est
1159 2495 1263 2576 Deus,
1297 2495 1360 2560 nisi

232 2594 342 2668 'Pater'
363 2603 517 2690 ctFilius
553 2610 585 2670 et
617 2603 752 2690 Spiritus
788 2609 924 2670 sanctus.
972 2601 1007 2670 Si
1044 2611 1149 2670 autern
1186 2599 1361 2686 discipulos

232 2723 308 2778 'suos
347 2731 456 2779 omnes
493 2709 607 2778 docere
654 2717 760 2796 potest
788 2710 1003 2798 'potissimam
1041 2715 1164 2796 partem
1204 2707 1361 2776 orationis

235 2816 413 2884 dominicae
437 2817 487 2902 (i)
521 2819 570 2885 rel
595 2821 620 2884 si
645 2823 751 2902 potest
783 2817 915 2884 ulterius
946 2837 1133 2902 progressus
1164 2817 1361 2884 docereeos

235 2923 333 2992 fidem
356 2945 476 3008 veram,
500 2924 563 2992 hcc
584 2923 636 2992 illi
654 2945 769 3007 magno
795 2924 855 2994 crit
878 2925 1004 2990 merito.
1037 3009 1039 3012 Ι

238 3237 342 3313 x111:
373 3243 482 3314 Oenea
497 3261 501 3270 ’
514 3238 654 3315 decimas
682 3240 800 3312 tertias
818 3243 867 3312 ¹cte
886 3250 1043 3328 potestate
1072 3251 1102 3312 et
1124 3245 1282 3313 militibus
1306 3243 1364 3330 'pei

516 3365 520 3372 ’
604 3372 729 3438 omrriao
757 3368 888 3438 ersendi
911 3375 995 3438 seat.
1041 3371 1045 3378 '

279 3576 306 3604 ,·
330 3565 415 3635 Civis
434 3567 501 3653 (pr.
527 3566 649 3653 homo),
676 3567 725 3634 rel
742 3566 841 3650 miles,
866 3567 929 3652 qui¹
943 3567 1058 3653 accipit
1082 3565 1136 3651 (ab
1153 3567 1364 3653 imperatore)

242 3680 433 3760 potestatem
457 3675 630 3758 occidendi,
655 3689 816 3760 nunquam·
840 3676 1012 3761 recipiatur
1028 3676 1166 3744 omnino.
1204 3675 1263 3755 Qui
1287 3697 1365 3744 roro

242 3795 285 3836 ν*
309 3803 379 3850 cum
392 3789 500 3850 essent
515 3783 637 3851 milites·
653 3817 695 3829 -
715 3782 796 3868 jussi
813 3790 890 3868 sunt¹
899 3797 1051 3869 pugnare,
1076 3789 1234 3850 caeterum
1257 3790 1363 3850 autem

243 3894 284 3959 ab
308 3893 393 3958 ouini
418 3891 503 3960 mala
526 3889 655 3976 loquela
678 3890 908 3974 abstinuerunt,
932 3909 1034 3975 neque
1058 3913 1191 3959 coronas
1207 3890 1366 3975 capitibus

242 3999 569 4084 imposuerunt..
603 3998 727 4080 signum
757 4005 863 4068 autem
894 3999 1003 4084 adepti
1027 4004 1099 4066 suut
1131 3998 1365 4084 (recipiantur).

245 4107 356 4175 Omnis
379 4113 486 4174 autem
507 4107 621 4190 homo,
654 4109 708 4196 qui
732 4106 773 4176 ad
787 4108 933 4190 'gradum
957 4106 1176 4194 praefecturae
1200 4107 1248 4174 rel
1271 4127 1367 4195 prae·
