3074 4780
503 1289 903 1410 Prolegomnena.

229 1529 263 1601 1.
286 1529 458 1599 Orieutulis
473 1527 634 1597 Ecclesiae
644 1529 697 1612 jus
712 1527 897 1595 canonicum
912 1525 1108 1594 eruditorum
1124 1525 1265 1595 virorum
1376 1601 1380 1609 ,

148 1639 242 1706 variis
272 1639 385 1706 studiis
407 1638 453 1705 itn
484 1635 677 1704 elucidatum
706 1641 770 1718 est,
800 1641 837 1701 nt
864 1634 932 1718 jum
959 1653 1022 1701 non
1052 1633 1135 1702 adeo
1165 1635 1268 1702 multu

149 1745 385 1827 desiderentur,
416 1765 499 1829 qnae
528 1743 571 1810 ed
593 1741 678 1826 leges
708 1759 816 1808 sacros
847 1739 1085 1808 Petriorchetus
1114 1741 1268 1810 Constan-

147 1849 349 1936 tinopolitani
386 1855 418 1915 et
451 1847 638 1916 Antiocheni
683 1847 916 1930 cognoscendas
963 1845 1141 1914 necessarie
1184 1853 1293 1920 sunt..

149 1953 437 2024 Alexandrinos
466 1961 574 2022 eutem
606 1953 758 2020 ecclesius
786 1953 885 2036 leges,
919 1951 1087 2038 legumque
1113 1953 1268 2039 interpre-

148 2066 286 2132 tationes
308 2083 410 2148 peeno
432 2065 569 2144 ignotae,
592 2061 625 2127 in
648 2060 745 2128 variis
767 2059 929 2128 codicibus
952 2059 1101 2146 copticis,
1131 2060 1269 2129 erebiois

151 2177 183 2236 et
204 2168 391 2253 aethiopicis
413 2167 516 2234 adhuc
538 2167 648 2234 lutent.

239 2275 356 2360 Magna
385 2272 513 2360 quidem
543 2295 620 2359 pers
652 2294 758 2340 eorum
783 2271 907 2356 legum,
940 2291 1024 2358 quoe
1048 2274 1269 2342 Alexandrinis

149 2380 313 2450 codicibus
336 2382 548 2462 continentur,
578 2403 616 2448 ex
638 2381 749 2449 iisdem
772 2379 912 2448 fontibus
935 2379 1081 2448 desumto
1103 2386 1162 2463 est,
1185 2381 1269 2450 unde

151 2488 353 2579 collectiones
375 2508 511 2572 graecos
540 2487 716 2571 fluxerunt,
751 2487 954 2556 conciliorum
985 2486 1069 2553 enim
1093 2489 1269 2555 oecumeni-

151 2616 259 2662 corum
282 2605 314 2662 et
337 2596 577 2680 provincialium
608 2617 746 2664 oenones
777 2595 904 2680 plurimi
934 2594 1044 2662 eudem
1074 2596 1199 2664 ratione
1227 2601 1269 2664 ab

151 2701 371 2770 Alexandrinis
401 2711 616 2786 recensentur,
648 2725 711 2788 qua
738 2703 771 2769 in
800 2701 1056 2792 Nomocenouem
1088 2707 1120 2772 et
1141 2695 1271 2790 synteg'·
1402 2769 1408 2786 ,

152 2815 239 2878 metu
272 2809 359 2880 veria
390 2812 581 2878 Graecorum
614 2811 738 2899 recepti
764 2817 847 2878 sunt.
892 2810 1004 2896 Neque
1035 2816 1142 2878 tomen
1172 2811 1271 2895 ipsius

150 2917 284 2984 Nicaeni
299 2916 432 2986 concilii
448 2917 543 3002 primi
558 2937 697 2984 conones
710 2915 805 2984 iidem
822 2923 896 2984 suut
908 2915 1137 2999 Alexandrinis,
1152 2917 1270 3004 quibus
1339 2908 1344 2922 '

151 3023 266 3091 Graeci
288 3044 359 3090 cnm
383 3025 506 3090 Latinis
528 3029 669 3091 utuntur.
705 3023 777 3089 Jom
800 3023 920 3090 dudum
937 3043 955 3089 e
971 3022 1132 3091 codicibus
1147 3025 1270 3110 Aegyp·

152 3133 245 3198 tiocis
276 3133 351 3198 bina
380 3131 479 3198 series
507 3130 671 3198 (lenonum
694 3131 904 3198 Nicoenorum
929 3129 1060 3197 Graecis
1090 3130 1271 3214 ignotorum

152 3237 248 3302 lotine
271 3236 435 3322 publicato
458 3243 525 3319 est;
548 3237 650 3304 multo
671 3236 736 3304 elie
759 3257 819 3303 usu
843 3235 1058 3304 Alexandrino
1082 3237 1179 3308 medii
1202 3237 1272 3305 oevi

152 3343 255 3410 codici
277 3345 381 3428 legum
405 3342 556 3432 adjuncta
570 3351 653 3426 sunt,
678 3365 760 3430 quae
776 3342 995 3412 Nomocenoni
1009 3343 1132 3410 Graeco
1148 3343 1272 3412 desunt.

119 3517 125 3524 ,
154 3448 293 3527 Quorum
309 3449 570 3518 documentorum
587 3450 717 3517 nomino
729 3471 827 3536 quum
843 3471 882 3516 ex
898 3447 1142 3536 encyclopuedie
1157 3449 1270 3518 nbul-

152 3555 346 3640 berecoti,
371 3578 474 3642 „quoe
489 3557 543 3623 lux
565 3559 793 3626 tenebrarum“
816 3563 958 3640 vocatur,
974 3557 999 3640 ¹)
1023 3565 1092 3626 tum
1107 3579 1146 3626 ex
1161 3579 1272 3628 nomo·

152 3681 272 3763 conone
295 3662 371 3730 Bon
400 3663 545 3730 Asselii
570 3663 728 3732 discimus.
743 3661 770 3748 ¹)

152 3833 365 3844 ———

227 3928 456 3994 nuectario
480 3931 532 3986 628
557 3934 587 3986 et
610 3931 668 3985 loti.
706 3927 834 3984 Tertium
861 3929 1008 4000 exemplu·
1032 3927 1119 3986 lubet
1146 3927 1272 3984 Murcum

154 4014 335 4086 Borsslsnum.

225 4107 255 4172 1)
279 4106 344 4162 Ben
370 4105 503 4161 Aurelii
528 4103 712 4164 Nomccecon
737 4109 817 4162 extet
835 4107 865 4162 in
884 4105 951 4164 Cod.
971 4122 1011 4162 nr.
1030 4105 1120 4162 Votis.
1142 4107 1201 4174 lbl,
1225 4105 1274 4176 qni

154 4193 245 4250 codex
270 4195 394 4266 scriptus
416 4200 460 4252 est
484 4211 510 4252 ι.
530 4197 607 4264 1289,
634 4189 737 4252 delude
761 4194 791 4252 iu
810 4195 877 4252 (lod.
899 4195 963 4254 Vct.
983 4197 1051 4264 491,
1078 4195 1127 4266 qul
1151 4193 1274 4264 scriptus

152 4287 196 4338 ut
214 4298 239 4337 c.
261 4285 336 4340 1³84.
375 4283 503 4340 Tertium
531 4283 673 4356 exemplu
698 4281 774 4356 quod
798 4285 828 4340 in
847 4283 914 4344 eod.
940 4299 983 4342 ur.
1000 4283 1146 4340 mooun.
1164 4281 1210 4342 Vl.
1230 4283 1274 4340 70.
