3068 4758
27 357 29 440 l

1225 398 1266 462 81

139 565 259 640 XXV.
292 568 400 640 Ooooo
414 572 588 658 vigesimus
603 571 745 656 ortatus.
779 569 831 642 De
839 577 1050 656 procuratore
1065 571 1269 657 ioftrmmom

349 697 540 808 dipiscopmr'
563 699 655 780 etde
679 700 873 784 temporibus
895 699 1061 766 orationis.

233 893 427 962 Procurator
457 894 511 960 ille
535 901 595 977 est,
628 895 679 962 cui
707 917 783 962 cura
816 892 1017 962 infirmorum
1047 893 1267 964 committitur.

27 1037 28 1064 ;
137 999 322 1086 Episcopus
354 1007 459 1068 antem
493 1002 632 1068 enutriat
661 1001 750 1086 illos,
784 1011 816 1069 et
839 999 979 1086 singula,
1004 1023 1105 1087 usqne
1127 1000 1169 1067 ad
1192 1023 1269 1070 uasa

139 1106 263 1191 fictilis,
287 1097 503 1195 quibus'opus
526 1117 574 1178 est
597 1110 740 1193 infirmis,
764 1111 966 1195 procuratori
989 1109 1104 1176 uetat.

234 1216 364 1300 Omnes,
382 1219 434 1304 qui
451 1217 492 1282 ad
509 1217 653 1286 ordinem
667 1216 921 1284 Christianorum
936 1217 1106 1304 pertinent,
1130 1215 1267 1302 primum
1327 1259 1332 1270 -

140 1343 180 1391 eo
204 1328 349 1410 tempore
373 1333 474 1409 orent,
499 1348 561 1412 quo
586 1347 607 1392 a
629 1345 743 1394 somno
765 1331 899 1408 surgunt
921 1326 1088 1392 matutino.
1134 1323 1267 1406 Quando

141 1437 250 1498 autem
275 1453 369 1500 orere
392 1433 511 1516 volunt,
535 1453 648 1499 manns
679 1453 753 1500 suas
776 1433 892 1500 lavent.
938 1431 1026 1500 Idem
1050 1429 1171 1500 iaciant
1194 1439 1268 1498 ante

140 1537 267 1622 singula
291 1559 433 1626 quaeque
455 1561 565 1626 opera.
612 1540 713 1607 Orent
736 1541 832 1607 etiam
860 1541 959 1607 tertia
981 1540 1077 1622 hora,
1113 1539 1190 1625 quia
1212 1537 1268 1608 illo

141 1652 290 1731 tempore
315 1646 462 1716 Salvator
484 1647 664 1715 voluntarie
686 1645 851 1716 crucifixus
874 1656 924 1716 est
943 1649 986 1715 ed
1009 1647 1177 1716 salvandos
1198 1667 1267 1730 nos,

141 1759 178 1820 ut
200 1752 292 1820 nobis
315 1755 495 1822 libertatem
519 1755 687 1822 tribueret.
1269 1829 1274 1833 ,

232 1860 357 1927 Deinde
378 1863 477 1928 etiam
499 1861 580 1927 hore
603 1866 692 1927 sexta
715 1866 818 1942 orent,
842 1859 919 1945 qnia
941 1859 997 1925 ille
1016 1858 1098 1930 hora
1120 1861 1269 1932 universe

143 1974 290 2035 ereatura
315 1968 505 2054 perturbata
528 1975 575 2036 est
596 1975 731 2054 propter
753 1965 876 2033 lacinus
899 1969 1066 2034 scelestum
1091 1988 1111 2034 a
1134 1969 1268 2037 ludaeis

141 2081 369 2158 perpetratum.
409 2079 500 2144 Hora
522 2097 607 2142 nonu
629 2077 744 2142 iterum
771 2080 872 2157 orent,
897 2076 971 2160 quia
993 2074 1050 2140 illa
1069 2073 1152 2142 hore
1175 2075 1267 2142 chri-

141 2191 211 2248 stus
235 2185 340 2250 oravit
364 2192 396 2250 et
418 2183 552 2250 tradidit
577 2183 723 2269 spiritum
754 2203 846 2250 suum
877 2183 910 2248 in
942 2204 1054 2251 manus
1078 2183 1182 2250 Patris
1205 2186 1266 2250 sui.
1326 2247 1331 2258 ,

140 2285 246 2354 Etiam
269 2291 361 2373 hora,
386 2312 450 2375 qne
474 2291 523 2358 sol
546 2291 671 2373 occidit,
696 2297 802 2372 orent,
828 2289 904 2375 quia
926 2297 974 2357 est
996 2289 1166 2376 completio
1190 2287 1265 2359 diei.

141 2395 264 2464 Deinde
286 2400 381 2466 etiam
405 2419 538 2485 vespere
562 2398 706 2482 (graecez
733 2397 927 2484 Lychnioon)
952 2406 1052 2482 orent,
1075 2399 1150 2485 quie
1163 2397 1268 2468 David

143 2504 237 2571 dicit:
272 2505 373 2573 Nocte
405 2506 543 2572 meditor
577 2505 643 2588 (Ps.
671 2510 723 2588 76,
757 2511 787 2571 7.
805 2505 839 2590 t)
886 2508 1009 2572 Deinde
1037 2507 1132 2572 etiam
1158 2505 1266 2572 media

142 2618 234 2678 nocte
256 2618 356 2693 orent,
381 2613 455 2695 quia
470 2611 574 2677 David
597 2611 682 2676 idem
699 2609 774 2676 iecit
799 2610 929 2694 (Pselm.
950 2617 1021 2692 118,
1040 2611 1108 2694 62.)
1148 2611 1266 2676 Paulus

143 2726 249 2784 sutem
272 2724 304 2784 et
326 2717 409 2785 Silas
433 2724 604 2786 oraverunt
627 2717 733 2784 media
755 2724 850 2785 nocte
873 2725 906 2785 et
928 2717 1137 2787 laudaverunt
1150 2721 1264 2784 Deum.

143 2823 398 2910 (se.1o,ne.)

146 3081 276 3196 xx‘rr.
301 3124 413 3196 camo
433 3127 606 3211 operemus
627 3131 739 3193 eoem
760 3125 800 3192 oe
822 3125 982 3194 atomo
1003 3125 1096 3194 verto
1119 3125 1262 3214 (orem)

385 3255 422 3322 irc
443 3252 576 3322 coesto
598 3257 629 3320 et
650 3249 694 3322 dc'
711 3253 854 3320 oratione
876 3253 915 3331 ire
934 3254 1019 3336 ipso.
1257 3255 1265 3269 '

232 3467 267 3538 Si
289 3475 503 3555 praeparatur
525 3474 699 3537 conventus
727 3468 858 3536 festivus
880 3474 1014 3554 propter
1034 3467 1166 3542 verbum
1191 3470 1263 3554 Dei,

146 3577 257 3662 singuli
288 3576 403 3662 quique
434 3599 504 3644 cum
532 3576 734 3646 festinatione
757 3581 942 3662 properent,
967 3581 1004 3640 ut
1026 3577 1068 3644 ed
1091 3575 1170 3644 illud
1194 3575 1263 3660 (nu-

148 3683 308 3764 diendum)
343 3690 589 3768 congregentur,
628 3683 801 3766 sciantque,
837 3682 938 3750 multo
972 3685 1074 3766 magis
1098 3702 1166 3750 esse
1198 3681 1263 3750 illie

147 3789 334 3876 eligendum,
358 3797 393 3857 ut
416 3791 547 3858 audiant
569 3790 705 3858 Verbum
729 3789 800 3872 dei,
825 3809 922 3874 quam
945 3796 981 3856 nt
1004 3791 1151 3858 fruentur
1174 3786 1263 3856 omni

147 3896 313 3983 splendore
341 3897 436 3982 hujus
464 3897 575 3964 mundi
605 3906 638 3964 et
658 3897 721 3964 hoc
745 3898 805 3964 sibi
836 3917 986 3980 magnum
1020 3898 1170 3962 damnum
1194 3913 1263 3964 esee

148 4005 313 4074 aestiment
346 4002 409 4090 (pr.
433 4003 625 4088 numerent),
660 4006 687 4070 si
710 4001 881 4090 aliquando
917 4004 1090 4070 necessitas
1124 4022 1180 4070 eos
1202 4001 1263 4068 im·

150 4111 253 4198 pedit,
292 4110 461 4198 quominus
494 4107 625 4176 sudiant
658 4112 787 4178 verbnm
815 4109 876 4178 dei.
922 4105 1077 4178 studeam
1108 4126 1194 4192 vero,
1226 4109 1262 4174 ut

1085 4232 1103 4288 6
