3074 4780
167 717 331 802 laborant,
363 725 398 786 ut
421 719 595 800 translator
626 743 688 788 non
712 721 789 787 satis
813 723 1005 790 intellexisse
1037 724 1181 792 videatur
1204 747 1285 810 qnae

169 826 319 894 vertenda
349 835 539 912 susceperat.
585 827 734 908 Accedit,
767 831 851 914 quod
884 833 1036 898 rocabnla
1060 855 1121 898 non
1146 833 1241 901 modo
1265 855 1285 900 a

166 931 262 1022 genio
279 931 405 1016 linguae
417 933 573 1001 Arabicae
589 933 692 1000 aliena
707 934 761 1000 sed
778 937 904 1003 omuino
922 941 1089 1022 peregrina
1106 946 1283 1010 occurrant.

166 1023 328 1118 Quaedam
344 1061 383 1104 ex
395 1039 445 1108 his
460 1042 588 1108 vocibus
604 1063 624 1106 a
638 1064 687 1106 nie
703 1041 854 1127 explicari
878 1045 1005 1108 omnino
1023 1067 1082 1108 nou
1105 1054 1282 1128 potuerunt,

164 1162 544 1246 concinnamenta.
581 1164 662 1244 oure
679 1167 721 1231 sn
744 1167 910 1235 errorores
936 1149 1105 1266 patefit
1130 1151 1212 1250 (aaa.
1229 1171 1283 1252 aa)

164 1287 311 1374 equidem
335 1287 447 1372 ignor‘o
475 1289 529 1373 (ol.
554 1291 800 1376 annotationes).
847 1291 895 1358 De
921 1315 995 1360 voce
1018 1279 1106 1379 0⁸⁰„
1129 1278 1206 1388 filil
1232 1295 1283 1360 rix

98 1412 108 1438 ‘
163 1397 377 1481 conjecturam
395 1417 684 1482 proponereausus
701 1421 779 1482 sum.
812 1397 1026 1482 Quarunrdarn
1043 1401 1284 1485 peregrinarum

163 1523 273 1568 vocum
296 1503 484 1587 significatio
509 1504 582 1571 ideo
614 1503 711 1570 dubia
742 1508 911 1588 remansit,
945 1508 1020 1591 quia
1052 1493 1182 1588 nimium
1212 1515 1284 1573 sunt

164 1611 374 1694 depravatae,
408 1618 443 1676 ιιι
472 1611 642 1678 elmunista
667 1619 698 1679 et
730 1613 857 1682 halutcs
888 1615 978 1696 (Can.
1007 1617 1071 1698 12).
1120 1615 1282 1698 Caeterae,
1386 1703 1389 1712 ι

164 1735 354 1802 quamquam
378 1739 440 1782 non
455 1739 529 1784 raro
546 1719 609 1784 sint
632 1739 824 1802 magnopere
849 1719 1055 1804 depravatae,
1080 1741 1117 1786 ex
1133 1729 1283 1800 contextu

163 1820 212 1887 uel
242 1843 280 1894 ex
305 1823 547 1907 „comparatione
583 1823 742 1889 variorum
779 1825 919 1891 locorum
955 1825 1106 1908 explicari
1140 1835 1283 1914 possunt.

164 1928 242 1994 Esse
272 1949 408 1996 canones
439 1932 515 1998 istos
546 1929 692 1997 arabicos
722 1931 899 1998 translatos
920 1953 959 1996 ex
982 1931 1046 1999 alia
1064 1921 1176 2016 'lingua
1198 1934 1283 2001 ultra
1324 1993 1329 2012 ,

165 2055 287 2102 omnem
312 2038 562 2104 controversiam
586 2043 705 2102 certum
730 2043 786 2104 est.
1035 2123 1038 2134 .

253 2145 437 2225 Quaeritur,
472 2166 510 2210 ex
541 2167 605 2230 qua
635 2143 743 2228 lingua
779 2145 935 2210 fluxerint.
984 2147 1052 2223 Quo
1087 2145 1282 2234 frequentius

164 2251 387 2317 commercium
425 2249 587 2316 literarum
627 2250 709 2316 iuter
743 2249 840 2336 Syros
872 2258 904 2314 et
938 2251 1058 2332 Arabes
1097 2273 1153 2334 per
1186 2251 1281 2335 plura

163 2357 288 2424 saecula
319 2356 533 2423 intercessisse
565 2363 706 2439 constat,
740 2378 780 2424 eo
811 2355 934 2422 facilius
963 2359 1089 2423 elonto
1121 2357 1281 2444 Syriaco

162 2464 222 2532 hoe
245 2485 381 2531 canones
405 2471 492 2530 ortos
515 2485 585 2532 esse
606 2468 765 2549 praesumi
793 2471 911 2550 posset.
930 2447 935 2461 ’
951 2466 1038 2544 Quae
1061 2474 1167 2530 tamen
1193 2487 1282 2551 prae-

163 2575 278 2639 sumtio
309 2574 404 2639 certis
434 2571 611 2639 rationibus
642 2573 792 2639 sustineri
816 2573 934 2657 nequit.
981 2572 1161 2639 Occurrunt
1183 2593 1283 2658 paene

164 2679 279 2762 ubique
302 2687 351 2745 tot
373 2701 436 2744 nou
458 2677 555 2744 modo
580 2699 688 2760 voees,
721 2681 777 2745 sed
801 2680 896 2744 etiam
925 2679 1056 2763 phrases
1078 2699 1222 2762 graecae,
1248 2687 1283 2746 ut

133 2767 309 2870 ‘graecum
333 2795 389 2852 aut
413 2787 570 2873 copticum
594 2787 662 2854 lont
648 2793 713 2852 tem
736 2807 908 2870 agnoscere
929 2789 1107 2871 possimus.
1133 2785 1225 2870 Oopt
1216 2809 1283 2857 reus

163 2897 266 2961 lextra
295 2895 367 2962 ideo
400 2893 534 2980 supponi
564 2893 715 2979 potest,
724 2894 797 2977 quia
830 2891 952 2978 Ooptae
977 2891 1094 2959 Christ
1071 2891 1148 2988 trani
1180 2893 1212 2958 in
1242 2893 1282 2958 iis

94 3041 98 3048 ·
164 2999 252 3066 libris
275 3003 415 3087 copticis,
440 3002 494 3085 qui
518 2999 671 3066 derebus
694 3001 792 3066 sacris
816 3007 964 3082 tractant,
987 3001 1167 3068 innumeras
1190 3019 1282 3068 voces

161 3129 293 3190 graecas
315 3111 469 3191 integras,
500 3129 690 3192 quamquam
714 3111 888 3176 secundum
910 3111 1071 3192 vulgarem
1096 3111 1282 3193 pronuncia-

163 3217 281 3282 tionem
305 3216 452 3300 soriptas‚
476 3214 655 3282 immiscere
678 3216 790 3282 solent.
1275 3233 1282 3245 ‘

252 3323 403 3390 Graecam
420 3331 527 3390 tarmen
542 3322 659 3408 potius,
685 3344 779 3408 quam
795 3322 952 3408 copticam
975 3321 1129 3406 originem
1144 3322 1282 3408 prodere
1381 3339 1385 3346 '

164 3429 283 3496 ridetur
298 3429 326 3496 is
340 3429 439 3514 lucus,
463 3429 516 3516 qui
541 3429 702 3512 liturgicus
726 3429 994 3508 formulas,‘mire
1015 3429 1142 3513 quidem
1167 3429 1283 3514 depra-

163 3537 261 3618 vatae,
277 3539 334 3604 scd
349 3544 609 3622 tamengraeoas,
634 3536 775 3603 continet
798 3537 948 3618 integras.
986 3534 1057 3602 Nou
1080 3533 1278 3614 diffitendum

163 3649 227 3724 est,
258 3643 449 3728 iuliturgiis
478 3644 611 3730 coptiois
643 3643 765 3710 similes
795 3641 949 3708 formulas
980 3661 1093 3724 gruem
1127 3640 1280 3722 exhiberi,

161 3750 263 3818 multa
293 3751 377 3820 enim
409 3773 524 3834 graeca
553 3753 585 3818 in
616 3748 728 3818 ciliciis
758 3749 871 3818 divinis
903 3757 1089 3830 occurrunt,
1120 3747 1178 3816 sed
1207 3745 1283 3815 illae

158 3856 248 3942 ipsae
271 3861 454 3940 sententiae,
480 3879 560 3944 quas
575 3858 607 3924 in
623 3857 741 3924 nostris
761 3854 933 3924 canonibus
951 3853 1093 3938 legimus,
1117 3855 1150 3922 in
1165 3873 1281 3938 graeca
1304 3905 1312 3916 .

158 3967 383 4036 tantummodo
409 3967 456 4034 St.
480 3968 582 4036 Marci
605 3965 736 4049 liturgia
757 3963 943 4032 invenimus.
958 3963 984 4046 ¹)

216 4163 244 4216 ll
261 4162 404 4234 Scriptum
418 4167 479 4218 erat
499 4143 690 4274 &rmum
704 4147 787 4273 fl)
792 4142 891 4256 [efai
911 4156 1088 4226 ἔχομινο
1035 4175 1088 4230 προ
1080 4153 1161 4218 ςιόν
1178 4153 1279 4228 κόριον.

153 4271 278 4386 volti
293 4287 446 4344 secuudum
459 4291 623 4344 contextum
635 4284 706 4341 nihil
717 4284 795 4340 aliud
804 4301 864 4342 esre
873 4286 977 4358 potest,
988 4293 1072 4354 Qum
1085 4281 1143 4336 am
1155 4277 1279 4352 σχῶμεν.
