3074 4780
230 393 248 480 6

228 566 358 632 omuino
398 563 580 648 refragatur
619 565 759 650 opinioni
791 563 997 660 Αιιιιιιιιιιίῑ)
1037 563 1257 660 aliorumque,
1296 567 1350 652 qui

202 682 213 766 J
231 672 434 758 Hippolytum
460 671 614 758 usquein
639 671 791 739 Arabiam
818 653 1053 753 transtule1·‚uot
1077 670 1193 738 Portus
1217 673 1350 740 Romani
1404 705 1407 716 ι

147 847 151 858 ,
230 778 356 848 Arabici
379 779 573 866 Episcopum
607 801 677 846 eum
710 779 805 846 fuisse
837 784 1026 870 conjectura
1047 781 1107 846 levi
1142 779 1350 872 suspicantes.

230 886 298 968 Qua
320 887 446 972 quidem
472 889 652 970 conjectura
676 886 798 952 facilius
823 887 972 970 explicari
988 885 1163 980 yidebatur,
1189 890 1350 972 quomodo
1386 959 1396 970 ,

230 997 346 1058 factum
378 995 436 1075 sit,
470 1001 504 1057 ut
527 999 633 1062 tantus
665 995 801 1077 scriptor
830 995 916 1078 apud
946 992 1163 1088 Occidentales
1196 1014 1296 1078 paene
1318 997 1350 1063 in

231 1098 421 1165 oblivionem
447 1099 599 1164 deductus
623 1099 681 1164 sit.
717 1098 779 1166 Sed
801 1101 894 1184 hujus
918 1100 1084 1167 oblivionis
1108 1103 1249 1174 rationes
1273 1105 1350 1168 eatis

229 1206 329 1272 fortes
365 1207 478 1272 adesse
516 1205 571 1288 iis,
615 1209 668 1292 qui
704 1205 910 1292 Hippolytum
951 1215 1094 1294 tempore
1131 1204 1251 1275 Callisti
1283 1213 1350 1296 jam

140 1317 148 1326 '
231 1323 442 1382 senescentem
461 1315 580 1380 Romae
598 1313 693 1396 vitam
712 1315 813 1398 egisse
829 1321 1013 1396 agnoscunt,
1037 1324 1149 1400 postea
1165 1314 1352 1410 videbimus.

231 1421 300 1488 Hoc
315 1423 384 1488 loco
401 1423 478 1488 satis
496 1428 552 1501 est,
577 1429 854 1512 ut’aguoscamus,
882 1421 1051 1496 orientales
1076 1415 1247 1508 scriptores
1268 1425 1352 1492 inter

231 1547 339 1592 verum
372 1533 404 1593 et
435 1528 568 1612 legalem
611 1547 727 1613 papam
761 1527 923 1594 Callistum
965 1531 1096 1613 ejusque
1133 1529 1289 1594 aemulum
1321 1539 1353 1598 et

231 1633 415 1716 antipapam
440 1655 502 1722 uou
527 1623 772 1716 distinguentem
803 1633 1008 1721 Hippolytum
1035 1636 1163 1700 omnino
1187 1635 1352 1704 Summum

231 1739 414 1804 Pontificem
438 1741 614 1806 nominare.
662 1741 775 1805 Parum
801 1739 902 1806 refert
926 1749 960 1807 ut
984 1741 1196 1826 inquiramus,
1232 1739 1287 1810 cur
1310 1747 1351 1810 ab

231 1845 342 1920 iisdem
367 1846 489 1929 primus
513 1845 699 1912 Patriarobu
723 1852 864 1912 vocetur.
900 1847 1009 1913 Potius
1032 1848 1270 1933 disquirendum
1293 1857 1350 1930 est,

231 1973 295 2038 quo
323 1953 393 2035 jure
425 1952 470 2018 illi
505 1952 707 2020 Alexandrini
742 1973 877 2020 canones
910 1959 951 2020 38
983 1953 1055 2021 huic
1086 1955 1147 2040 ipsi
1179 1955 1351 2044 Hippolyto

232 2057 423 2126 tribuantur.
859 2141 868 2152 .
1261 2043 1265 2052 ⁶
1321 2139 1324 2145 ¹

321 2163 383 2230 lv.
417 2166 449 2232 Si
474 2177 610 2232 moues
635 2168 681 2232 illi
704 2171 748 2236 ita
774 2167 884 2252 scripti
909 2174 1021 2250 esseut,
1047 2177 1091 2237 ut.
1106 2169 1266 2236 arabicam
1290 2175 1352 2237 ori·

232 2273 337 2353 gioem
372 2294 450 2356 prae
483 2293 516 2336 se
548 2274 684 2350 ferrent,
724 2273 827 2338 omnis
861 2295 934 2357 spes
969 2275 1147 2358 abjicienda
1180 2281 1279 2357 esset,
1317 2283 1352 2343 ut

233 2377 408 2462 Hippolyto
439 2377 682 2444 vindicarentur.
716 2379 801 2470 ¹lam
834 2401 917 2480 vero
941 2381 1068 2448 cuilibet
1091 2381 1138 2448 vel
1167 2381 1270 2448 obiter
1291 2382 1353 2448 boe
1420 2443 1430 2464 ,

235 2485 456 2563 documentum
482 2485 687 2570 perlustranti
711 2507 894 2569 persuasum
921 2489 994 2570 erit,
1027 2511 1096 2554 esse
1119 2489 1292 2556 translatos
1315 2512 1353 2556 ex
1408 2487 1413 2505 '

233 2591 298 2656 alia
330 2590 447 2674 lingua.
495 2591 567 2658 Non
596 2614 670 2657 raro
702 2592 907 2674 ambiguitate
938 2601 968 2661 et
993 2595 1225 2682 obscuritatelt
1262 2603 1354 2664 tauta

305 2785 423 2850 1)Bibl.
442 2785 487 2841 Or.
508 2783 557 2838 Ill.
586 2800 613 2853 p.
632 2782 653 2837 1.
677 2783 953 2858 15.„,Hipp01ytus
960 2788 1082 2844 ‘Portus
1100 2787 1221 2844 Romani
1241 2807 1298 2845 non
1317 2789 1353 2847 ad

233 2873 465 2941 OstiaTiberina,
483 2872 533 2928 aed
550 2871 696 2929 celebris'
688 2891 718 2928 su
728 2874 835 2930 Arabia
852 2875 906 2932 hoc
925 2878 1037 2932 nomine
1048 2877 1177 2946 Emporii
1190 2878 1352 2948 Episcopus,
1361 2903 1365 2908 ·

231 2970 264 3020 ut
283 2965 316 3019 St
304 2963 441 3033 tephanus
465 2964 492 3018 le
511 2963 625 3033 Moyne
638 2963 772 3034 conjicit‘
775 2965 920 3020 Fuisse
944 2966 1130 3036 Hippolytum
1159 2966 1353 3035 presbyterum

231 3051 389 3108 Romanum
416 3056 482 3122 post
509 3058 629 3108 mortem
654 3054 754 3125 Papae
774 3055 928 3124 Zephyriui
954 3053 984 3122 (†
1002 3053 1065 3118 219)
1092 3055 1233 3108 aemulum
1259 3056 1353 3127 Papae

234 3141 352 3212 Callisti,
372 3141 497 3198 dilucide
516 3146 544 3198 et
565 3143 677 3213 copiose
695 3145 797 3200 statuit
815 3144 976 3213 Dollinger:
996 3142 1166 3213 Hippolytus
1183 3161 1210 3214 p.
1223 3146 1256 3198 76
1275 3161 1352 3216 seqq.
1438 3157 1447 3161 ·

303 3250 331 3316 2)
351 3249 476 3318 Quilibet
503 3250 616 3320 linguae
645 3251 776 3306 arabicae
803 3267 923 3320 gnarus,
942 3248 1075 3314 uidebit,
1100 3249 1235 3319 plurima,
1260 3251 1290 3306 in
1309 3252 1353 3308 bis

234 3339 389 3394 canonibus
413 3341 506 3396 miuus
531 3343 663 3396 accurate
688 3341 834 3410 magisque
859 3339 1032 3396 admodum
1055 3339 1192 3394 sermonis
1219 3342 1353 3413 vulgaris,

235 3446 318 3501 quam
338 3430 491 3485 secundum
519 3430 596 3499 leges
622 3430 823 3499 grammaticas
849 3446 909 3490 esse
927 3429 1049 3501 scripta,
1077 3447 1247 3504 quamquam
1265 3433 1356 3487 multa

234 3537 448 3605 elegantert
389 3534 448 3590 dict
449 3539 548 3590 esunt.
563 3517 594 3589 Iu
605 3535 902 3607 inscriptionibusemg
912 3513 1072 3636 oaldi)
1089 3515 1209 3624 5an
1224 3523 1390 3658 Ofili-ll

234 3661 286 3714 pro
314 3671 383 3738 υ)
370 3625 450 3700 filil
480 3633 616 3712 scriptum
642 3647 694 3696 est.
731 3641 807 3696 Haeo
830 3645 859 3696 et
884 3643 988 3699 similia
1014 3663 1072 3701 non
1100 3664 1209 3717 semper
1236 3645 1353 3700 correxi.

120 3751 123 3758 “
234 3747 278 3804 De
297 3747 553 3817 significationibus
571 3749 686 3819 proprie
705 3726 882 3819 theologicis,
902 3769 970 3823 quus
988 3753 1079 3807 lexica
1097 3756 1192 3808 nostra
1211 3751 1354 3819 ignorant,

235 3874 265 3928 in
285 3873 525 3941 annotationibus,
545 3889 617 3942 quae
636 3874 796 3928 necessaria
814 3874 996 3942 videbantur,
1023 3876 1094 3944 dixi;
1121 3893 1156 3930 e.
1164 3892 1190 3944 g
1215 3895 1288 3995 ΓΜ·Ι
1273 3866 1355 3931 est

235 3997 414 4083 „ordinareffi
433 3999 519 4054 sacris
538 3972 685 4053 ordinibus
706 4003 738 4053 ut
726 3999 891 4054 tdiaconat
879 4005 924 4056 tus
940 4001 983 4056 rel
1000 3999 1209 4080 presbyteratus
1228 3999 1353 4056 initiare.

174 4159 176 4166 ,
234 4094 326 4174 Μ
353 4105 398 4161 vel
424 4089 517 4172 „ab
544 4108 587 4160 est
604 4103 685 4159 hebr.
714 4115 790 4200 pepp
819 4105 953 4177 impurus
